id,dataset,ts,time,order_type,order_side,price,qty
0,Ag(T+D)@sg,1522411255000,2018-03-30 20:00:55.000000,LIMIT,BID,3591.0,10
1,Ag(T+D)@sg,1522411265000,2018-03-30 20:01:05.000000,LIMIT,BID,3591.0,10
2,Ag(T+D)@sg,1522411275000,2018-03-30 20:01:15.000000,LIMIT,BID,3591.0,10
3,Ag(T+D)@sg,1522411285000,2018-03-30 20:01:25.000000,LIMIT,BID,3592.0,10
4,Ag(T+D)@sg,1522411295000,2018-03-30 20:01:35.000000,LIMIT,BID,3592.0,10
5,Ag(T+D)@sg,1522411305000,2018-03-30 20:01:45.000000,LIMIT,BID,3592.0,10
6,Ag(T+D)@sg,1522411315000,2018-03-30 20:01:55.000000,LIMIT,BID,3593.0,10
7,Ag(T+D)@sg,1522411325000,2018-03-30 20:02:05.000000,LIMIT,BID,3593.0,10
8,Ag(T+D)@sg,1522411335000,2018-03-30 20:02:15.000000,LIMIT,BID,3593.0,10
9,Ag(T+D)@sg,1522411345000,2018-03-30 20:02:25.000000,LIMIT,BID,3593.0,10
10,Ag(T+D)@sg,1522411355000,2018-03-30 20:02:35.000000,LIMIT,BID,3593.0,10
11,Ag(T+D)@sg,1522411365000,2018-03-30 20:02:45.000000,LIMIT,BID,3594.0,10
12,Ag(T+D)@sg,1522411375000,2018-03-30 20:02:55.000000,LIMIT,BID,3594.0,10
13,Ag(T+D)@sg,1522411385000,2018-03-30 20:03:05.000000,LIMIT,BID,3594.0,10
14,Ag(T+D)@sg,1522411395000,2018-03-30 20:03:15.000000,LIMIT,BID,3594.0,10
15,Ag(T+D)@sg,1522411405000,2018-03-30 20:03:25.000000,LIMIT,BID,3594.0,10
16,Ag(T+D)@sg,1522411415000,2018-03-30 20:03:35.000000,LIMIT,BID,3594.0,10
17,Ag(T+D)@sg,1522411425000,2018-03-30 20:03:45.000000,LIMIT,BID,3593.0,10
18,Ag(T+D)@sg,1522411435000,2018-03-30 20:03:55.000000,LIMIT,BID,3593.0,10
19,Ag(T+D)@sg,1522411445000,2018-03-30 20:04:05.000000,LIMIT,BID,3593.0,10
20,Ag(T+D)@sg,1522411455000,2018-03-30 20:04:15.000000,LIMIT,BID,3594.0,10
21,Ag(T+D)@sg,1522411465000,2018-03-30 20:04:25.000000,LIMIT,BID,3594.0,10
22,Ag(T+D)@sg,1522411472000,2018-03-30 20:04:32.000000,LIMIT,BID,3594.00005,10
23,Ag(T+D)@sg,1522411480000,2018-03-30 20:04:40.000000,LIMIT,ASK,3594.0,10
24,Ag(T+D)@sg,1522411490000,2018-03-30 20:04:50.000000,LIMIT,ASK,3594.0,10
25,Ag(T+D)@sg,1522411500000,2018-03-30 20:05:00.000000,LIMIT,ASK,3594.0,10
26,Ag(T+D)@sg,1522411510000,2018-03-30 20:05:10.000000,LIMIT,ASK,3594.0,10
27,Ag(T+D)@sg,1522411520000,2018-03-30 20:05:20.000000,LIMIT,ASK,3594.0,10
28,Ag(T+D)@sg,1522411530000,2018-03-30 20:05:30.000000,LIMIT,ASK,3594.0,10
29,Ag(T+D)@sg,1522411540000,2018-03-30 20:05:40.000000,LIMIT,ASK,3594.0,10
30,Ag(T+D)@sg,1522411550000,2018-03-30 20:05:50.000000,LIMIT,ASK,3594.0,10
31,Ag(T+D)@sg,1522411560000,2018-03-30 20:06:00.000000,LIMIT,ASK,3594.0,10
32,Ag(T+D)@sg,1522411570000,2018-03-30 20:06:10.000000,LIMIT,ASK,3594.0,10
33,Ag(T+D)@sg,1522411580000,2018-03-30 20:06:20.000000,LIMIT,ASK,3594.0,10
34,Ag(T+D)@sg,1522411590000,2018-03-30 20:06:30.000000,LIMIT,ASK,3594.0,10
35,Ag(T+D)@sg,1522411600000,2018-03-30 20:06:40.000000,LIMIT,ASK,3594.0,10
36,Ag(T+D)@sg,1522411610000,2018-03-30 20:06:50.000000,LIMIT,ASK,3594.0,10
37,Ag(T+D)@sg,1522411620000,2018-03-30 20:07:00.000000,LIMIT,ASK,3594.0,10
38,Ag(T+D)@sg,1522411630000,2018-03-30 20:07:10.000000,LIMIT,ASK,3594.0,10
39,Ag(T+D)@sg,1522411640000,2018-03-30 20:07:20.000000,LIMIT,ASK,3594.0,10
40,Ag(T+D)@sg,1522411650000,2018-03-30 20:07:30.000000,LIMIT,ASK,3594.0,10
41,Ag(T+D)@sg,1522411660000,2018-03-30 20:07:40.000000,LIMIT,ASK,3594.0,10
42,Ag(T+D)@sg,1522411670000,2018-03-30 20:07:50.000000,LIMIT,ASK,3594.0,10
43,Ag(T+D)@sg,1522411680000,2018-03-30 20:08:00.000000,LIMIT,ASK,3594.0,10
44,Ag(T+D)@sg,1522411690000,2018-03-30 20:08:10.000000,LIMIT,ASK,3594.0,10
45,Ag(T+D)@sg,1522411700000,2018-03-30 20:08:20.000000,LIMIT,ASK,3594.0,10
46,Ag(T+D)@sg,1522411710000,2018-03-30 20:08:30.000000,LIMIT,ASK,3594.0,10
47,Ag(T+D)@sg,1522411720000,2018-03-30 20:08:40.000000,LIMIT,ASK,3594.0,10
48,Ag(T+D)@sg,1522411730000,2018-03-30 20:08:50.000000,LIMIT,ASK,3594.0,10
49,Ag(T+D)@sg,1522411740000,2018-03-30 20:09:00.000000,LIMIT,BID,3593.0,10
50,Ag(T+D)@sg,1522411810000,2018-03-30 20:10:10.000000,LIMIT,ASK,3594.0,10
51,Ag(T+D)@sg,1522411820000,2018-03-30 20:10:20.000000,LIMIT,ASK,3594.0,10
52,Ag(T+D)@sg,1522411830000,2018-03-30 20:10:30.000000,LIMIT,ASK,3594.0,10
53,Ag(T+D)@sg,1522411840000,2018-03-30 20:10:40.000000,LIMIT,ASK,3594.0,10
54,Ag(T+D)@sg,1522411850000,2018-03-30 20:10:50.000000,LIMIT,ASK,3594.0,10
55,Ag(T+D)@sg,1522411860000,2018-03-30 20:11:00.000000,LIMIT,ASK,3594.0,10
56,Ag(T+D)@sg,1522411870000,2018-03-30 20:11:10.000000,LIMIT,ASK,3594.0,10
57,Ag(T+D)@sg,1522411880000,2018-03-30 20:11:20.000000,LIMIT,ASK,3594.0,10
58,Ag(T+D)@sg,1522411895000,2018-03-30 20:11:35.000000,LIMIT,BID,3593.0,10
59,Ag(T+D)@sg,1522411905000,2018-03-30 20:11:45.000000,LIMIT,BID,3593.0,10
60,Ag(T+D)@sg,1522411915000,2018-03-30 20:11:55.000000,LIMIT,BID,3593.0,10
61,Ag(T+D)@sg,1522411925000,2018-03-30 20:12:05.000000,LIMIT,BID,3593.0,10
62,Ag(T+D)@sg,1522411935000,2018-03-30 20:12:15.000000,LIMIT,BID,3593.0,10
63,Ag(T+D)@sg,1522411945000,2018-03-30 20:12:25.000000,LIMIT,BID,3593.0,10
64,Ag(T+D)@sg,1522411955000,2018-03-30 20:12:35.000000,LIMIT,BID,3593.0,10
65,Ag(T+D)@sg,1522411965000,2018-03-30 20:12:45.000000,LIMIT,BID,3593.0,10
66,Ag(T+D)@sg,1522411975000,2018-03-30 20:12:55.000000,LIMIT,BID,3593.0,10
67,Ag(T+D)@sg,1522411985000,2018-03-30 20:13:05.000000,LIMIT,BID,3593.0,10
68,Ag(T+D)@sg,1522411995000,2018-03-30 20:13:15.000000,LIMIT,ASK,3594.0,10
69,Ag(T+D)@sg,1522412005000,2018-03-30 20:13:25.000000,LIMIT,ASK,3594.0,10
70,Ag(T+D)@sg,1522412015000,2018-03-30 20:13:35.000000,LIMIT,ASK,3594.0,10
71,Ag(T+D)@sg,1522412025000,2018-03-30 20:13:45.000000,LIMIT,ASK,3594.0,10
72,Ag(T+D)@sg,1522412035000,2018-03-30 20:13:55.000000,LIMIT,ASK,3594.0,10
73,Ag(T+D)@sg,1522412045000,2018-03-30 20:14:05.000000,LIMIT,ASK,3594.0,10
74,Ag(T+D)@sg,1522412055000,2018-03-30 20:14:15.000000,LIMIT,ASK,3594.0,10
75,Ag(T+D)@sg,1522412065000,2018-03-30 20:14:25.000000,LIMIT,ASK,3594.0,10
76,Ag(T+D)@sg,1522412075000,2018-03-30 20:14:35.000000,LIMIT,ASK,3594.0,10
77,Ag(T+D)@sg,1522412085000,2018-03-30 20:14:45.000000,LIMIT,ASK,3594.0,10
78,Ag(T+D)@sg,1522412095000,2018-03-30 20:14:55.000000,LIMIT,ASK,3594.0,10
79,Ag(T+D)@sg,1522412795000,2018-03-30 20:26:35.000000,LIMIT,BID,3592.0,10
80,Ag(T+D)@sg,1522412805000,2018-03-30 20:26:45.000000,LIMIT,BID,3592.0,10
81,Ag(T+D)@sg,1522412815000,2018-03-30 20:26:55.000000,LIMIT,BID,3592.0,10
82,Ag(T+D)@sg,1522412825000,2018-03-30 20:27:05.000000,LIMIT,BID,3592.0,10
83,Ag(T+D)@sg,1522412835000,2018-03-30 20:27:15.000000,LIMIT,BID,3592.0,10
84,Ag(T+D)@sg,1522412845000,2018-03-30 20:27:25.000000,LIMIT,BID,3592.0,10
85,Ag(T+D)@sg,1522412855000,2018-03-30 20:27:35.000000,LIMIT,ASK,3593.0,10
86,Ag(T+D)@sg,1522412865000,2018-03-30 20:27:45.000000,LIMIT,ASK,3593.0,10
87,Ag(T+D)@sg,1522412875000,2018-03-30 20:27:55.000000,LIMIT,ASK,3593.0,10
88,Ag(T+D)@sg,1522412885000,2018-03-30 20:28:05.000000,LIMIT,ASK,3593.0,10
89,Ag(T+D)@sg,1522412895000,2018-03-30 20:28:15.000000,LIMIT,ASK,3593.0,10
90,Ag(T+D)@sg,1522412905000,2018-03-30 20:28:25.000000,LIMIT,ASK,3593.0,10
91,Ag(T+D)@sg,1522412915000,2018-03-30 20:28:35.000000,LIMIT,ASK,3593.0,10
92,Ag(T+D)@sg,1522412925000,2018-03-30 20:28:45.000000,LIMIT,ASK,3593.0,10
93,Ag(T+D)@sg,1522412935000,2018-03-30 20:28:55.000000,LIMIT,ASK,3593.0,10
94,Ag(T+D)@sg,1522412945000,2018-03-30 20:29:05.000000,LIMIT,ASK,3593.0,10
95,Ag(T+D)@sg,1522412955000,2018-03-30 20:29:15.000000,LIMIT,ASK,3593.0,10
96,Ag(T+D)@sg,1522412965000,2018-03-30 20:29:25.000000,LIMIT,ASK,3593.0,10
97,Ag(T+D)@sg,1522412975000,2018-03-30 20:29:35.000000,LIMIT,ASK,3593.0,10
98,Ag(T+D)@sg,1522412985000,2018-03-30 20:29:45.000000,LIMIT,ASK,3593.0,10
99,Ag(T+D)@sg,1522412995000,2018-03-30 20:29:55.000000,LIMIT,ASK,3593.0,10
100,Ag(T+D)@sg,1522413005000,2018-03-30 20:30:05.000000,LIMIT,ASK,3593.0,10
101,Ag(T+D)@sg,1522413015000,2018-03-30 20:30:15.000000,LIMIT,ASK,3593.0,10
102,Ag(T+D)@sg,1522413025000,2018-03-30 20:30:25.000000,LIMIT,ASK,3593.0,10
103,Ag(T+D)@sg,1522413035000,2018-03-30 20:30:35.000000,LIMIT,ASK,3593.0,10
104,Ag(T+D)@sg,1522413045000,2018-03-30 20:30:45.000000,LIMIT,ASK,3593.0,10
105,Ag(T+D)@sg,1522413090000,2018-03-30 20:31:30.000000,LIMIT,BID,3591.0,10
106,Ag(T+D)@sg,1522413100000,2018-03-30 20:31:40.000000,LIMIT,BID,3592.0,10
107,Ag(T+D)@sg,1522413110000,2018-03-30 20:31:50.000000,LIMIT,BID,3592.0,10
108,Ag(T+D)@sg,1522413120000,2018-03-30 20:32:00.000000,LIMIT,BID,3592.0,10
109,Ag(T+D)@sg,1522413130000,2018-03-30 20:32:10.000000,LIMIT,BID,3592.0,10
110,Ag(T+D)@sg,1522413140000,2018-03-30 20:32:20.000000,LIMIT,BID,3592.0,10
111,Ag(T+D)@sg,1522413150000,2018-03-30 20:32:30.000000,LIMIT,BID,3592.0,10
112,Ag(T+D)@sg,1522413160000,2018-03-30 20:32:40.000000,LIMIT,BID,3592.0,10
113,Ag(T+D)@sg,1522413170000,2018-03-30 20:32:50.000000,LIMIT,BID,3593.0,10
114,Ag(T+D)@sg,1522413180000,2018-03-30 20:33:00.000000,LIMIT,BID,3593.0,10
115,Ag(T+D)@sg,1522413190000,2018-03-30 20:33:10.000000,LIMIT,BID,3593.0,10
116,Ag(T+D)@sg,1522413200000,2018-03-30 20:33:20.000000,LIMIT,BID,3593.0,10
117,Ag(T+D)@sg,1522413210000,2018-03-30 20:33:30.000000,LIMIT,BID,3593.0,10
118,Ag(T+D)@sg,1522413220000,2018-03-30 20:33:40.000000,LIMIT,BID,3593.0,10
119,Ag(T+D)@sg,1522413230000,2018-03-30 20:33:50.000000,LIMIT,BID,3593.0,10
120,Ag(T+D)@sg,1522413240000,2018-03-30 20:34:00.000000,LIMIT,BID,3593.0,10
121,Ag(T+D)@sg,1522413250000,2018-03-30 20:34:10.000000,LIMIT,BID,3593.0,10
122,Ag(T+D)@sg,1522413260000,2018-03-30 20:34:20.000000,LIMIT,BID,3593.0,10
123,Ag(T+D)@sg,1522413270000,2018-03-30 20:34:30.000000,LIMIT,BID,3593.0,10
124,Ag(T+D)@sg,1522413280000,2018-03-30 20:34:40.000000,LIMIT,BID,3593.0,10
125,Ag(T+D)@sg,1522413290000,2018-03-30 20:34:50.000000,LIMIT,ASK,3594.0,10
126,Ag(T+D)@sg,1522413300000,2018-03-30 20:35:00.000000,LIMIT,ASK,3594.0,10
127,Ag(T+D)@sg,1522413310000,2018-03-30 20:35:10.000000,LIMIT,ASK,3594.0,10
128,Ag(T+D)@sg,1522413320000,2018-03-30 20:35:20.000000,LIMIT,ASK,3594.0,10
129,Ag(T+D)@sg,1522413330000,2018-03-30 20:35:30.000000,LIMIT,ASK,3594.0,10
130,Ag(T+D)@sg,1522413340000,2018-03-30 20:35:40.000000,LIMIT,ASK,3594.0,10
131,Ag(T+D)@sg,1522413350000,2018-03-30 20:35:50.000000,LIMIT,ASK,3594.0,10
132,Ag(T+D)@sg,1522413360000,2018-03-30 20:36:00.000000,LIMIT,ASK,3594.0,10
133,Ag(T+D)@sg,1522413370000,2018-03-30 20:36:10.000000,LIMIT,ASK,3594.0,10
134,Ag(T+D)@sg,1522413380000,2018-03-30 20:36:20.000000,LIMIT,ASK,3594.0,10
135,Ag(T+D)@sg,1522413390000,2018-03-30 20:36:30.000000,LIMIT,ASK,3594.0,10
136,Ag(T+D)@sg,1522413400000,2018-03-30 20:36:40.000000,LIMIT,ASK,3594.0,10
137,Ag(T+D)@sg,1522413410000,2018-03-30 20:36:50.000000,LIMIT,ASK,3594.0,10
138,Ag(T+D)@sg,1522413420000,2018-03-30 20:37:00.000000,LIMIT,ASK,3594.0,10
139,Ag(T+D)@sg,1522413430000,2018-03-30 20:37:10.000000,LIMIT,ASK,3594.0,10
140,Ag(T+D)@sg,1522414875000,2018-03-30 21:01:15.000000,LIMIT,BID,3592.0,10
141,Ag(T+D)@sg,1522414885000,2018-03-30 21:01:25.000000,LIMIT,BID,3592.0,10
142,Ag(T+D)@sg,1522414895000,2018-03-30 21:01:35.000000,LIMIT,BID,3591.0,10
143,Ag(T+D)@sg,1522414905000,2018-03-30 21:01:45.000000,LIMIT,BID,3591.0,10
144,Ag(T+D)@sg,1522414915000,2018-03-30 21:01:55.000000,LIMIT,BID,3591.0,10
145,Ag(T+D)@sg,1522414925000,2018-03-30 21:02:05.000000,LIMIT,BID,3591.0,10
146,Ag(T+D)@sg,1522414935000,2018-03-30 21:02:15.000000,LIMIT,BID,3591.0,10
147,Ag(T+D)@sg,1522414945000,2018-03-30 21:02:25.000000,LIMIT,BID,3591.0,10
148,Ag(T+D)@sg,1522414955000,2018-03-30 21:02:35.000000,LIMIT,ASK,3592.0,10
149,Ag(T+D)@sg,1522414965000,2018-03-30 21:02:45.000000,LIMIT,ASK,3592.0,10
150,Ag(T+D)@sg,1522414974000,2018-03-30 21:02:54.000000,LIMIT,ASK,3591.99995,10
151,Ag(T+D)@sg,1522414980000,2018-03-30 21:03:00.000000,LIMIT,ASK,3593.0,10
152,Ag(T+D)@sg,1522414990000,2018-03-30 21:03:10.000000,LIMIT,ASK,3593.0,10
153,Ag(T+D)@sg,1522415000000,2018-03-30 21:03:20.000000,LIMIT,ASK,3593.0,10
154,Ag(T+D)@sg,1522415010000,2018-03-30 21:03:30.000000,LIMIT,ASK,3593.0,10
155,Ag(T+D)@sg,1522415020000,2018-03-30 21:03:40.000000,LIMIT,ASK,3593.0,10
156,Ag(T+D)@sg,1522415030000,2018-03-30 21:03:50.000000,LIMIT,ASK,3593.0,10
157,Ag(T+D)@sg,1522415040000,2018-03-30 21:04:00.000000,LIMIT,ASK,3593.0,10
158,Ag(T+D)@sg,1522415050000,2018-03-30 21:04:10.000000,LIMIT,ASK,3593.0,10
159,Ag(T+D)@sg,1522415060000,2018-03-30 21:04:20.000000,LIMIT,ASK,3593.0,10
160,Ag(T+D)@sg,1522415070000,2018-03-30 21:04:30.000000,LIMIT,ASK,3593.0,10
161,Ag(T+D)@sg,1522415080000,2018-03-30 21:04:40.000000,LIMIT,ASK,3593.0,10
162,Ag(T+D)@sg,1522415090000,2018-03-30 21:04:50.000000,LIMIT,ASK,3593.0,10
163,Ag(T+D)@sg,1522415100000,2018-03-30 21:05:00.000000,LIMIT,ASK,3593.0,10
164,Ag(T+D)@sg,1522415110000,2018-03-30 21:05:10.000000,LIMIT,ASK,3593.0,10
165,Ag(T+D)@sg,1522415120000,2018-03-30 21:05:20.000000,LIMIT,ASK,3593.0,10
166,Ag(T+D)@sg,1522415130000,2018-03-30 21:05:30.000000,LIMIT,ASK,3593.0,10
167,Ag(T+D)@sg,1522415140000,2018-03-30 21:05:40.000000,LIMIT,ASK,3593.0,10
168,Ag(T+D)@sg,1522415150000,2018-03-30 21:05:50.000000,LIMIT,ASK,3593.0,10
169,Ag(T+D)@sg,1522415160000,2018-03-30 21:06:00.000000,LIMIT,ASK,3593.0,10
170,Ag(T+D)@sg,1522415170000,2018-03-30 21:06:10.000000,LIMIT,ASK,3594.0,10
171,Ag(T+D)@sg,1522415180000,2018-03-30 21:06:20.000000,LIMIT,BID,3593.0,10
172,Ag(T+D)@sg,1522415190000,2018-03-30 21:06:30.000000,LIMIT,BID,3593.0,10
173,Ag(T+D)@sg,1522415200000,2018-03-30 21:06:40.000000,LIMIT,BID,3593.0,10
174,Ag(T+D)@sg,1522415210000,2018-03-30 21:06:50.000000,LIMIT,BID,3593.0,10
175,Ag(T+D)@sg,1522415220000,2018-03-30 21:07:00.000000,LIMIT,BID,3593.0,10
176,Ag(T+D)@sg,1522415230000,2018-03-30 21:07:10.000000,LIMIT,BID,3593.0,10
177,Ag(T+D)@sg,1522415240000,2018-03-30 21:07:20.000000,LIMIT,BID,3593.0,10
178,Ag(T+D)@sg,1522415250000,2018-03-30 21:07:30.000000,LIMIT,BID,3593.0,10
179,Ag(T+D)@sg,1522415260000,2018-03-30 21:07:40.000000,LIMIT,BID,3593.0,10
180,Ag(T+D)@sg,1522415270000,2018-03-30 21:07:50.000000,LIMIT,BID,3593.0,10
181,Ag(T+D)@sg,1522415280000,2018-03-30 21:08:00.000000,LIMIT,BID,3593.0,10
182,Ag(T+D)@sg,1522415290000,2018-03-30 21:08:10.000000,LIMIT,BID,3593.0,10
183,Ag(T+D)@sg,1522415300000,2018-03-30 21:08:20.000000,LIMIT,BID,3593.0,10
184,Ag(T+D)@sg,1522415310000,2018-03-30 21:08:30.000000,LIMIT,BID,3593.0,10
185,Ag(T+D)@sg,1522415320000,2018-03-30 21:08:40.000000,LIMIT,BID,3593.0,10
186,Ag(T+D)@sg,1522415330000,2018-03-30 21:08:50.000000,LIMIT,ASK,3594.0,10
187,Ag(T+D)@sg,1522415340000,2018-03-30 21:09:00.000000,LIMIT,ASK,3594.0,10
188,Ag(T+D)@sg,1522415350000,2018-03-30 21:09:10.000000,LIMIT,ASK,3594.0,10
189,Ag(T+D)@sg,1522415360000,2018-03-30 21:09:20.000000,LIMIT,ASK,3594.0,10
190,Ag(T+D)@sg,1522415370000,2018-03-30 21:09:30.000000,LIMIT,ASK,3595.0,10
191,Ag(T+D)@sg,1522415380000,2018-03-30 21:09:40.000000,LIMIT,ASK,3595.0,10
192,Ag(T+D)@sg,1522415390000,2018-03-30 21:09:50.000000,LIMIT,ASK,3595.0,10
193,Ag(T+D)@sg,1522415400000,2018-03-30 21:10:00.000000,LIMIT,ASK,3595.0,10
194,Ag(T+D)@sg,1522415410000,2018-03-30 21:10:10.000000,LIMIT,ASK,3595.0,10
195,Ag(T+D)@sg,1522415485000,2018-03-30 21:11:25.000000,LIMIT,BID,3594.0,10
196,Ag(T+D)@sg,1522415495000,2018-03-30 21:11:35.000000,LIMIT,BID,3595.0,10
197,Ag(T+D)@sg,1522415505000,2018-03-30 21:11:45.000000,LIMIT,BID,3595.0,10
198,Ag(T+D)@sg,1522415515000,2018-03-30 21:11:55.000000,LIMIT,BID,3595.0,10
199,Ag(T+D)@sg,1522415525000,2018-03-30 21:12:05.000000,LIMIT,BID,3595.0,10
200,Ag(T+D)@sg,1522415532000,2018-03-30 21:12:12.000000,LIMIT,BID,3595.00005,10
201,Ag(T+D)@sg,1522415537000,2018-03-30 21:12:17.000000,LIMIT,BID,3596.00005,10
202,Ag(T+D)@sg,1522415545000,2018-03-30 21:12:25.000000,LIMIT,BID,3595.0,10
203,Ag(T+D)@sg,1522415555000,2018-03-30 21:12:35.000000,LIMIT,BID,3596.0,10
204,Ag(T+D)@sg,1522415565000,2018-03-30 21:12:45.000000,LIMIT,BID,3596.0,10
205,Ag(T+D)@sg,1522415575000,2018-03-30 21:12:55.000000,LIMIT,BID,3596.0,10
206,Ag(T+D)@sg,1522415585000,2018-03-30 21:13:05.000000,LIMIT,BID,3596.0,10
207,Ag(T+D)@sg,1522415595000,2018-03-30 21:13:15.000000,LIMIT,BID,3596.0,10
208,Ag(T+D)@sg,1522415605000,2018-03-30 21:13:25.000000,LIMIT,BID,3596.0,10
209,Ag(T+D)@sg,1522415611000,2018-03-30 21:13:31.000000,LIMIT,BID,3596.00005,10
210,Ag(T+D)@sg,1522415620000,2018-03-30 21:13:40.000000,LIMIT,BID,3595.0,10
211,Ag(T+D)@sg,1522415630000,2018-03-30 21:13:50.000000,LIMIT,BID,3596.0,10
212,Ag(T+D)@sg,1522415640000,2018-03-30 21:14:00.000000,LIMIT,ASK,3597.0,10
213,Ag(T+D)@sg,1522415650000,2018-03-30 21:14:10.000000,LIMIT,ASK,3597.0,10
214,Ag(T+D)@sg,1522415660000,2018-03-30 21:14:20.000000,LIMIT,ASK,3597.0,10
215,Ag(T+D)@sg,1522415670000,2018-03-30 21:14:30.000000,LIMIT,ASK,3597.0,10
216,Ag(T+D)@sg,1522415680000,2018-03-30 21:14:40.000000,LIMIT,ASK,3597.0,10
217,Ag(T+D)@sg,1522415688000,2018-03-30 21:14:48.000000,LIMIT,ASK,3596.99995,10
218,Ag(T+D)@sg,1522415695000,2018-03-30 21:14:55.000000,LIMIT,ASK,3598.0,10
219,Ag(T+D)@sg,1522415705000,2018-03-30 21:15:05.000000,LIMIT,BID,3596.0,10
220,Ag(T+D)@sg,1522415715000,2018-03-30 21:15:15.000000,LIMIT,BID,3595.0,10
221,Ag(T+D)@sg,1522415725000,2018-03-30 21:15:25.000000,LIMIT,BID,3596.0,10
222,Ag(T+D)@sg,1522415735000,2018-03-30 21:15:35.000000,LIMIT,BID,3596.0,10
223,Ag(T+D)@sg,1522415745000,2018-03-30 21:15:45.000000,LIMIT,BID,3596.0,10
224,Ag(T+D)@sg,1522415755000,2018-03-30 21:15:55.000000,LIMIT,ASK,3597.0,10
225,Ag(T+D)@sg,1522415765000,2018-03-30 21:16:05.000000,LIMIT,ASK,3597.0,10
226,Ag(T+D)@sg,1522415775000,2018-03-30 21:16:15.000000,LIMIT,ASK,3597.0,10
227,Ag(T+D)@sg,1522415785000,2018-03-30 21:16:25.000000,LIMIT,ASK,3597.0,10
228,Ag(T+D)@sg,1522415795000,2018-03-30 21:16:35.000000,LIMIT,ASK,3597.0,10
229,Ag(T+D)@sg,1522415805000,2018-03-30 21:16:45.000000,LIMIT,ASK,3597.0,10
230,Ag(T+D)@sg,1522415815000,2018-03-30 21:16:55.000000,LIMIT,ASK,3597.0,10
231,Ag(T+D)@sg,1522415825000,2018-03-30 21:17:05.000000,LIMIT,ASK,3597.0,10
232,Ag(T+D)@sg,1522415835000,2018-03-30 21:17:15.000000,LIMIT,ASK,3596.0,10
233,Ag(T+D)@sg,1522415850000,2018-03-30 21:17:30.000000,LIMIT,BID,3596.0,10
234,Ag(T+D)@sg,1522415860000,2018-03-30 21:17:40.000000,LIMIT,BID,3596.0,10
235,Ag(T+D)@sg,1522415875000,2018-03-30 21:17:55.000000,LIMIT,BID,3596.00005,10
236,Ag(T+D)@sg,1522415880000,2018-03-30 21:18:00.000000,LIMIT,BID,3595.0,10
237,Ag(T+D)@sg,1522415890000,2018-03-30 21:18:10.000000,LIMIT,ASK,3597.0,10
238,Ag(T+D)@sg,1522415900000,2018-03-30 21:18:20.000000,LIMIT,ASK,3596.0,10
239,Ag(T+D)@sg,1522415910000,2018-03-30 21:18:30.000000,LIMIT,ASK,3596.0,10
240,Ag(T+D)@sg,1522415920000,2018-03-30 21:18:40.000000,LIMIT,ASK,3596.0,10
241,Ag(T+D)@sg,1522415930000,2018-03-30 21:18:50.000000,LIMIT,ASK,3596.0,10
242,Ag(T+D)@sg,1522415940000,2018-03-30 21:19:00.000000,LIMIT,ASK,3596.0,10
243,Ag(T+D)@sg,1522415950000,2018-03-30 21:19:10.000000,LIMIT,ASK,3596.0,10
244,Ag(T+D)@sg,1522415960000,2018-03-30 21:19:20.000000,LIMIT,ASK,3596.0,10
245,Ag(T+D)@sg,1522415970000,2018-03-30 21:19:30.000000,LIMIT,ASK,3596.0,10
246,Ag(T+D)@sg,1522415980000,2018-03-30 21:19:40.000000,LIMIT,ASK,3596.0,10
247,Ag(T+D)@sg,1522415990000,2018-03-30 21:19:50.000000,LIMIT,ASK,3596.0,10
248,Ag(T+D)@sg,1522416000000,2018-03-30 21:20:00.000000,LIMIT,ASK,3596.0,10
249,Ag(T+D)@sg,1522416010000,2018-03-30 21:20:10.000000,LIMIT,ASK,3596.0,10
250,Ag(T+D)@sg,1522416020000,2018-03-30 21:20:20.000000,LIMIT,ASK,3596.0,10
251,Ag(T+D)@sg,1522416030000,2018-03-30 21:20:30.000000,LIMIT,ASK,3595.0,10
252,Ag(T+D)@sg,1522416040000,2018-03-30 21:20:40.000000,LIMIT,ASK,3595.0,10
253,Ag(T+D)@sg,1522416050000,2018-03-30 21:20:50.000000,LIMIT,ASK,3595.0,10
254,Ag(T+D)@sg,1522416060000,2018-03-30 21:21:00.000000,LIMIT,ASK,3595.0,10
255,Ag(T+D)@sg,1522416070000,2018-03-30 21:21:10.000000,LIMIT,ASK,3595.0,10
256,Ag(T+D)@sg,1522416080000,2018-03-30 21:21:20.000000,LIMIT,ASK,3595.0,10
257,Ag(T+D)@sg,1522416090000,2018-03-30 21:21:30.000000,LIMIT,ASK,3595.0,10
258,Ag(T+D)@sg,1522416100000,2018-03-30 21:21:40.000000,LIMIT,ASK,3595.0,10
259,Ag(T+D)@sg,1522416110000,2018-03-30 21:21:50.000000,LIMIT,ASK,3595.0,10
260,Ag(T+D)@sg,1522416120000,2018-03-30 21:22:00.000000,LIMIT,ASK,3595.0,10
261,Ag(T+D)@sg,1522416130000,2018-03-30 21:22:10.000000,LIMIT,ASK,3595.0,10
262,Ag(T+D)@sg,1522416140000,2018-03-30 21:22:20.000000,LIMIT,ASK,3595.0,10
263,Ag(T+D)@sg,1522416150000,2018-03-30 21:22:30.000000,LIMIT,ASK,3595.0,10
264,Ag(T+D)@sg,1522416160000,2018-03-30 21:22:40.000000,LIMIT,ASK,3595.0,10
265,Ag(T+D)@sg,1522416170000,2018-03-30 21:22:50.000000,LIMIT,ASK,3595.0,10
266,Ag(T+D)@sg,1522416180000,2018-03-30 21:23:00.000000,LIMIT,ASK,3595.0,10
267,Ag(T+D)@sg,1522416190000,2018-03-30 21:23:10.000000,LIMIT,ASK,3595.0,10
268,Ag(T+D)@sg,1522416200000,2018-03-30 21:23:20.000000,LIMIT,ASK,3595.0,10
269,Ag(T+D)@sg,1522416210000,2018-03-30 21:23:30.000000,LIMIT,ASK,3595.0,10
270,Ag(T+D)@sg,1522416220000,2018-03-30 21:23:40.000000,LIMIT,ASK,3595.0,10
271,Ag(T+D)@sg,1522416230000,2018-03-30 21:23:50.000000,LIMIT,ASK,3595.0,10
272,Ag(T+D)@sg,1522416240000,2018-03-30 21:24:00.000000,LIMIT,ASK,3595.0,10
273,Ag(T+D)@sg,1522416250000,2018-03-30 21:24:10.000000,LIMIT,ASK,3595.0,10
274,Ag(T+D)@sg,1522416260000,2018-03-30 21:24:20.000000,LIMIT,ASK,3595.0,10
275,Ag(T+D)@sg,1522416270000,2018-03-30 21:24:30.000000,LIMIT,ASK,3595.0,10
276,Ag(T+D)@sg,1522416280000,2018-03-30 21:24:40.000000,LIMIT,ASK,3595.0,10
277,Ag(T+D)@sg,1522416290000,2018-03-30 21:24:50.000000,LIMIT,ASK,3595.0,10
278,Ag(T+D)@sg,1522416300000,2018-03-30 21:25:00.000000,LIMIT,ASK,3595.0,10
279,Ag(T+D)@sg,1522416315000,2018-03-30 21:25:15.000000,LIMIT,ASK,3595.0,10
280,Ag(T+D)@sg,1522416325000,2018-03-30 21:25:25.000000,LIMIT,ASK,3595.0,10
281,Ag(T+D)@sg,1522416335000,2018-03-30 21:25:35.000000,LIMIT,ASK,3595.0,10
282,Ag(T+D)@sg,1522416345000,2018-03-30 21:25:45.000000,LIMIT,ASK,3595.0,10
283,Ag(T+D)@sg,1522416355000,2018-03-30 21:25:55.000000,LIMIT,ASK,3595.0,10
284,Ag(T+D)@sg,1522416365000,2018-03-30 21:26:05.000000,LIMIT,ASK,3596.0,10
285,Ag(T+D)@sg,1522416375000,2018-03-30 21:26:15.000000,LIMIT,ASK,3596.0,10
286,Ag(T+D)@sg,1522416385000,2018-03-30 21:26:25.000000,LIMIT,BID,3595.0,10
287,Ag(T+D)@sg,1522416395000,2018-03-30 21:26:35.000000,LIMIT,BID,3595.0,10
288,Ag(T+D)@sg,1522416405000,2018-03-30 21:26:45.000000,LIMIT,BID,3595.0,10
289,Ag(T+D)@sg,1522416415000,2018-03-30 21:26:55.000000,LIMIT,BID,3595.0,10
290,Ag(T+D)@sg,1522416425000,2018-03-30 21:27:05.000000,LIMIT,BID,3595.0,10
291,Ag(T+D)@sg,1522416435000,2018-03-30 21:27:15.000000,LIMIT,BID,3595.0,10
292,Ag(T+D)@sg,1522416445000,2018-03-30 21:27:25.000000,LIMIT,BID,3595.0,10
293,Ag(T+D)@sg,1522416455000,2018-03-30 21:27:35.000000,LIMIT,BID,3595.0,10
294,Ag(T+D)@sg,1522416465000,2018-03-30 21:27:45.000000,LIMIT,BID,3595.0,10
295,Ag(T+D)@sg,1522416475000,2018-03-30 21:27:55.000000,LIMIT,BID,3595.0,10
296,Ag(T+D)@sg,1522416485000,2018-03-30 21:28:05.000000,LIMIT,BID,3595.0,10
297,Ag(T+D)@sg,1522416495000,2018-03-30 21:28:15.000000,LIMIT,BID,3595.0,10
298,Ag(T+D)@sg,1522416505000,2018-03-30 21:28:25.000000,LIMIT,BID,3595.0,10
299,Ag(T+D)@sg,1522416515000,2018-03-30 21:28:35.000000,LIMIT,BID,3595.0,10
300,Ag(T+D)@sg,1522416525000,2018-03-30 21:28:45.000000,LIMIT,ASK,3596.0,10
301,Ag(T+D)@sg,1522416535000,2018-03-30 21:28:55.000000,LIMIT,ASK,3596.0,10
302,Ag(T+D)@sg,1522416545000,2018-03-30 21:29:05.000000,LIMIT,ASK,3596.0,10
303,Ag(T+D)@sg,1522416555000,2018-03-30 21:29:15.000000,LIMIT,ASK,3596.0,10
304,Ag(T+D)@sg,1522416565000,2018-03-30 21:29:25.000000,LIMIT,ASK,3596.0,10
305,Ag(T+D)@sg,1522416575000,2018-03-30 21:29:35.000000,LIMIT,ASK,3596.0,10
306,Ag(T+D)@sg,1522416585000,2018-03-30 21:29:45.000000,LIMIT,ASK,3596.0,10
307,Ag(T+D)@sg,1522416595000,2018-03-30 21:29:55.000000,LIMIT,ASK,3596.0,10
308,Ag(T+D)@sg,1522416605000,2018-03-30 21:30:05.000000,LIMIT,ASK,3596.0,10
309,Ag(T+D)@sg,1522416615000,2018-03-30 21:30:15.000000,LIMIT,ASK,3596.0,10
310,Ag(T+D)@sg,1522416625000,2018-03-30 21:30:25.000000,LIMIT,ASK,3596.0,10
311,Ag(T+D)@sg,1522416645000,2018-03-30 21:30:45.000000,LIMIT,BID,3594.0,10
312,Ag(T+D)@sg,1522416655000,2018-03-30 21:30:55.000000,LIMIT,BID,3594.0,10
313,Ag(T+D)@sg,1522416665000,2018-03-30 21:31:05.000000,LIMIT,BID,3594.0,10
314,Ag(T+D)@sg,1522416675000,2018-03-30 21:31:15.000000,LIMIT,BID,3594.0,10
315,Ag(T+D)@sg,1522416685000,2018-03-30 21:31:25.000000,LIMIT,BID,3594.0,10
316,Ag(T+D)@sg,1522416695000,2018-03-30 21:31:35.000000,LIMIT,BID,3594.0,10
317,Ag(T+D)@sg,1522416705000,2018-03-30 21:31:45.000000,LIMIT,ASK,3595.0,10
318,Ag(T+D)@sg,1522416715000,2018-03-30 21:31:55.000000,LIMIT,ASK,3595.0,10
319,Ag(T+D)@sg,1522416725000,2018-03-30 21:32:05.000000,LIMIT,ASK,3595.0,10
320,Ag(T+D)@sg,1522416735000,2018-03-30 21:32:15.000000,LIMIT,ASK,3595.0,10
321,Ag(T+D)@sg,1522416745000,2018-03-30 21:32:25.000000,LIMIT,ASK,3595.0,10
322,Ag(T+D)@sg,1522416755000,2018-03-30 21:32:35.000000,LIMIT,ASK,3595.0,10
323,Ag(T+D)@sg,1522416765000,2018-03-30 21:32:45.000000,LIMIT,ASK,3595.0,10
324,Ag(T+D)@sg,1522416775000,2018-03-30 21:32:55.000000,LIMIT,ASK,3595.0,10
325,Ag(T+D)@sg,1522416785000,2018-03-30 21:33:05.000000,LIMIT,ASK,3596.0,10
326,Ag(T+D)@sg,1522416795000,2018-03-30 21:33:15.000000,LIMIT,ASK,3596.0,10
327,Ag(T+D)@sg,1522416805000,2018-03-30 21:33:25.000000,LIMIT,ASK,3596.0,10
328,Ag(T+D)@sg,1522416815000,2018-03-30 21:33:35.000000,LIMIT,ASK,3596.0,10
329,Ag(T+D)@sg,1522416825000,2018-03-30 21:33:45.000000,LIMIT,ASK,3596.0,10
330,Ag(T+D)@sg,1522416835000,2018-03-30 21:33:55.000000,LIMIT,ASK,3596.0,10
331,Ag(T+D)@sg,1522416850000,2018-03-30 21:34:10.000000,LIMIT,BID,3595.0,10
332,Ag(T+D)@sg,1522416860000,2018-03-30 21:34:20.000000,LIMIT,BID,3595.0,10
333,Ag(T+D)@sg,1522416870000,2018-03-30 21:34:30.000000,LIMIT,BID,3595.0,10
334,Ag(T+D)@sg,1522416880000,2018-03-30 21:34:40.000000,LIMIT,BID,3596.0,10
335,Ag(T+D)@sg,1522416890000,2018-03-30 21:34:50.000000,LIMIT,BID,3596.0,10
336,Ag(T+D)@sg,1522416900000,2018-03-30 21:35:00.000000,LIMIT,BID,3596.0,10
337,Ag(T+D)@sg,1522416910000,2018-03-30 21:35:10.000000,LIMIT,BID,3596.0,10
338,Ag(T+D)@sg,1522416920000,2018-03-30 21:35:20.000000,LIMIT,BID,3596.0,10
339,Ag(T+D)@sg,1522416930000,2018-03-30 21:35:30.000000,LIMIT,BID,3596.0,10
340,Ag(T+D)@sg,1522416940000,2018-03-30 21:35:40.000000,LIMIT,BID,3596.0,10
341,Ag(T+D)@sg,1522416950000,2018-03-30 21:35:50.000000,LIMIT,BID,3596.0,10
342,Ag(T+D)@sg,1522416960000,2018-03-30 21:36:00.000000,LIMIT,ASK,3597.0,10
343,Ag(T+D)@sg,1522416970000,2018-03-30 21:36:10.000000,LIMIT,ASK,3597.0,10
344,Ag(T+D)@sg,1522416980000,2018-03-30 21:36:20.000000,LIMIT,ASK,3597.0,10
345,Ag(T+D)@sg,1522416990000,2018-03-30 21:36:30.000000,LIMIT,ASK,3597.0,10
346,Ag(T+D)@sg,1522417000000,2018-03-30 21:36:40.000000,LIMIT,ASK,3597.0,10
347,Ag(T+D)@sg,1522417010000,2018-03-30 21:36:50.000000,LIMIT,ASK,3597.0,10
348,Ag(T+D)@sg,1522417020000,2018-03-30 21:37:00.000000,LIMIT,ASK,3597.0,10
349,Ag(T+D)@sg,1522417030000,2018-03-30 21:37:10.000000,LIMIT,ASK,3597.0,10
350,Ag(T+D)@sg,1522417040000,2018-03-30 21:37:20.000000,LIMIT,ASK,3597.0,10
351,Ag(T+D)@sg,1522417050000,2018-03-30 21:37:30.000000,LIMIT,ASK,3597.0,10
352,Ag(T+D)@sg,1522417060000,2018-03-30 21:37:40.000000,LIMIT,ASK,3597.0,10
353,Ag(T+D)@sg,1522417070000,2018-03-30 21:37:50.000000,LIMIT,ASK,3597.0,10
354,Ag(T+D)@sg,1522417080000,2018-03-30 21:38:00.000000,LIMIT,ASK,3597.0,10
355,Ag(T+D)@sg,1522417090000,2018-03-30 21:38:10.000000,LIMIT,ASK,3597.0,10
356,Ag(T+D)@sg,1522417100000,2018-03-30 21:38:20.000000,LIMIT,ASK,3597.0,10
357,Ag(T+D)@sg,1522417110000,2018-03-30 21:38:30.000000,LIMIT,ASK,3597.0,10
358,Ag(T+D)@sg,1522417120000,2018-03-30 21:38:40.000000,LIMIT,ASK,3597.0,10
359,Ag(T+D)@sg,1522417130000,2018-03-30 21:38:50.000000,LIMIT,ASK,3597.0,10
360,Ag(T+D)@sg,1522417140000,2018-03-30 21:39:00.000000,LIMIT,ASK,3596.0,10
361,Ag(T+D)@sg,1522417150000,2018-03-30 21:39:10.000000,LIMIT,BID,3595.0,10
362,Ag(T+D)@sg,1522417160000,2018-03-30 21:39:20.000000,LIMIT,BID,3595.0,10
363,Ag(T+D)@sg,1522417170000,2018-03-30 21:39:30.000000,LIMIT,BID,3595.0,10
364,Ag(T+D)@sg,1522417180000,2018-03-30 21:39:40.000000,LIMIT,BID,3595.0,10
365,Ag(T+D)@sg,1522417190000,2018-03-30 21:39:50.000000,LIMIT,BID,3595.0,10
366,Ag(T+D)@sg,1522417200000,2018-03-30 21:40:00.000000,LIMIT,BID,3595.0,10
367,Ag(T+D)@sg,1522417208000,2018-03-30 21:40:08.000000,LIMIT,ASK,3595.99995,10
368,Ag(T+D)@sg,1522417215000,2018-03-30 21:40:15.000000,LIMIT,ASK,3597.0,10
369,Ag(T+D)@sg,1522417225000,2018-03-30 21:40:25.000000,LIMIT,ASK,3597.0,10
370,Ag(T+D)@sg,1522417235000,2018-03-30 21:40:35.000000,LIMIT,ASK,3597.0,10
371,Ag(T+D)@sg,1522417245000,2018-03-30 21:40:45.000000,LIMIT,ASK,3597.0,10
372,Ag(T+D)@sg,1522417255000,2018-03-30 21:40:55.000000,LIMIT,ASK,3597.0,10
373,Ag(T+D)@sg,1522417265000,2018-03-30 21:41:05.000000,LIMIT,ASK,3597.0,10
374,Ag(T+D)@sg,1522417275000,2018-03-30 21:41:15.000000,LIMIT,ASK,3597.0,10
375,Ag(T+D)@sg,1522417285000,2018-03-30 21:41:25.000000,LIMIT,ASK,3597.0,10
376,Ag(T+D)@sg,1522417295000,2018-03-30 21:41:35.000000,LIMIT,ASK,3597.0,10
377,Ag(T+D)@sg,1522417305000,2018-03-30 21:41:45.000000,LIMIT,ASK,3597.0,10
378,Ag(T+D)@sg,1522417315000,2018-03-30 21:41:55.000000,LIMIT,ASK,3597.0,10
379,Ag(T+D)@sg,1522417325000,2018-03-30 21:42:05.000000,LIMIT,ASK,3597.0,10
380,Ag(T+D)@sg,1522417335000,2018-03-30 21:42:15.000000,LIMIT,ASK,3598.0,10
381,Ag(T+D)@sg,1522417345000,2018-03-30 21:42:25.000000,LIMIT,ASK,3598.0,10
382,Ag(T+D)@sg,1522417355000,2018-03-30 21:42:35.000000,LIMIT,BID,3597.0,10
383,Ag(T+D)@sg,1522417365000,2018-03-30 21:42:45.000000,LIMIT,BID,3597.0,10
384,Ag(T+D)@sg,1522417375000,2018-03-30 21:42:55.000000,LIMIT,BID,3598.0,10
385,Ag(T+D)@sg,1522417385000,2018-03-30 21:43:05.000000,LIMIT,BID,3598.0,10
386,Ag(T+D)@sg,1522417395000,2018-03-30 21:43:15.000000,LIMIT,BID,3597.0,10
387,Ag(T+D)@sg,1522417405000,2018-03-30 21:43:25.000000,LIMIT,BID,3597.0,10
388,Ag(T+D)@sg,1522417415000,2018-03-30 21:43:35.000000,LIMIT,ASK,3598.0,10
389,Ag(T+D)@sg,1522417425000,2018-03-30 21:43:45.000000,LIMIT,ASK,3598.0,10
390,Ag(T+D)@sg,1522417435000,2018-03-30 21:43:55.000000,LIMIT,ASK,3598.0,10
391,Ag(T+D)@sg,1522417445000,2018-03-30 21:44:05.000000,LIMIT,ASK,3598.0,10
392,Ag(T+D)@sg,1522417460000,2018-03-30 21:44:20.000000,LIMIT,ASK,3598.0,10
393,Ag(T+D)@sg,1522417470000,2018-03-30 21:44:30.000000,LIMIT,ASK,3598.0,10
394,Ag(T+D)@sg,1522417480000,2018-03-30 21:44:40.000000,LIMIT,ASK,3598.0,10
395,Ag(T+D)@sg,1522417490000,2018-03-30 21:44:50.000000,LIMIT,ASK,3598.0,10
396,Ag(T+D)@sg,1522417500000,2018-03-30 21:45:00.000000,LIMIT,ASK,3598.0,10
397,Ag(T+D)@sg,1522417510000,2018-03-30 21:45:10.000000,LIMIT,ASK,3598.0,10
398,Ag(T+D)@sg,1522417520000,2018-03-30 21:45:20.000000,LIMIT,ASK,3598.0,10
399,Ag(T+D)@sg,1522417530000,2018-03-30 21:45:30.000000,LIMIT,ASK,3598.0,10
400,Ag(T+D)@sg,1522417540000,2018-03-30 21:45:40.000000,LIMIT,ASK,3598.0,10
401,Ag(T+D)@sg,1522417550000,2018-03-30 21:45:50.000000,LIMIT,ASK,3598.0,10
402,Ag(T+D)@sg,1522417560000,2018-03-30 21:46:00.000000,LIMIT,ASK,3598.0,10
403,Ag(T+D)@sg,1522417570000,2018-03-30 21:46:10.000000,LIMIT,ASK,3598.0,10
404,Ag(T+D)@sg,1522417580000,2018-03-30 21:46:20.000000,LIMIT,ASK,3598.0,10
405,Ag(T+D)@sg,1522417590000,2018-03-30 21:46:30.000000,LIMIT,ASK,3598.0,10
406,Ag(T+D)@sg,1522417600000,2018-03-30 21:46:40.000000,LIMIT,ASK,3598.0,10
407,Ag(T+D)@sg,1522417610000,2018-03-30 21:46:50.000000,LIMIT,ASK,3597.0,10
408,Ag(T+D)@sg,1522417620000,2018-03-30 21:47:00.000000,LIMIT,ASK,3597.0,10
409,Ag(T+D)@sg,1522417630000,2018-03-30 21:47:10.000000,LIMIT,ASK,3597.0,10
410,Ag(T+D)@sg,1522417640000,2018-03-30 21:47:20.000000,LIMIT,ASK,3597.0,10
411,Ag(T+D)@sg,1522417650000,2018-03-30 21:47:30.000000,LIMIT,BID,3596.0,10
412,Ag(T+D)@sg,1522417660000,2018-03-30 21:47:40.000000,LIMIT,BID,3597.0,10
413,Ag(T+D)@sg,1522417670000,2018-03-30 21:47:50.000000,LIMIT,BID,3597.0,10
414,Ag(T+D)@sg,1522417680000,2018-03-30 21:48:00.000000,LIMIT,BID,3597.0,10
415,Ag(T+D)@sg,1522417690000,2018-03-30 21:48:10.000000,LIMIT,BID,3597.0,10
416,Ag(T+D)@sg,1522417700000,2018-03-30 21:48:20.000000,LIMIT,BID,3597.0,10
417,Ag(T+D)@sg,1522417710000,2018-03-30 21:48:30.000000,LIMIT,BID,3597.0,10
418,Ag(T+D)@sg,1522417720000,2018-03-30 21:48:40.000000,LIMIT,BID,3597.0,10
419,Ag(T+D)@sg,1522417730000,2018-03-30 21:48:50.000000,LIMIT,BID,3597.0,10
420,Ag(T+D)@sg,1522417740000,2018-03-30 21:49:00.000000,LIMIT,BID,3597.0,10
421,Ag(T+D)@sg,1522417750000,2018-03-30 21:49:10.000000,LIMIT,BID,3597.0,10
422,Ag(T+D)@sg,1522417760000,2018-03-30 21:49:20.000000,LIMIT,BID,3597.0,10
423,Ag(T+D)@sg,1522417775000,2018-03-30 21:49:35.000000,LIMIT,ASK,3598.0,10
424,Ag(T+D)@sg,1522417785000,2018-03-30 21:49:45.000000,LIMIT,ASK,3598.0,10
425,Ag(T+D)@sg,1522417795000,2018-03-30 21:49:55.000000,LIMIT,ASK,3598.0,10
426,Ag(T+D)@sg,1522417805000,2018-03-30 21:50:05.000000,LIMIT,ASK,3598.0,10
427,Ag(T+D)@sg,1522417815000,2018-03-30 21:50:15.000000,LIMIT,ASK,3598.0,10
428,Ag(T+D)@sg,1522417825000,2018-03-30 21:50:25.000000,LIMIT,ASK,3598.0,10
429,Ag(T+D)@sg,1522417835000,2018-03-30 21:50:35.000000,LIMIT,ASK,3598.0,10
430,Ag(T+D)@sg,1522417845000,2018-03-30 21:50:45.000000,LIMIT,ASK,3598.0,10
431,Ag(T+D)@sg,1522417855000,2018-03-30 21:50:55.000000,LIMIT,ASK,3598.0,10
432,Ag(T+D)@sg,1522417865000,2018-03-30 21:51:05.000000,LIMIT,ASK,3598.0,10
433,Ag(T+D)@sg,1522417875000,2018-03-30 21:51:15.000000,LIMIT,ASK,3598.0,10
434,Ag(T+D)@sg,1522417885000,2018-03-30 21:51:25.000000,LIMIT,ASK,3598.0,10
435,Ag(T+D)@sg,1522417895000,2018-03-30 21:51:35.000000,LIMIT,ASK,3598.0,10
436,Ag(T+D)@sg,1522417905000,2018-03-30 21:51:45.000000,LIMIT,ASK,3598.0,10
437,Ag(T+D)@sg,1522417915000,2018-03-30 21:51:55.000000,LIMIT,ASK,3598.0,10
438,Ag(T+D)@sg,1522417925000,2018-03-30 21:52:05.000000,LIMIT,ASK,3598.0,10
439,Ag(T+D)@sg,1522417935000,2018-03-30 21:52:15.000000,LIMIT,ASK,3598.0,10
440,Ag(T+D)@sg,1522417960000,2018-03-30 21:52:40.000000,LIMIT,BID,3597.0,10
441,Ag(T+D)@sg,1522417970000,2018-03-30 21:52:50.000000,LIMIT,BID,3597.0,10
442,Ag(T+D)@sg,1522417980000,2018-03-30 21:53:00.000000,LIMIT,BID,3597.0,10
443,Ag(T+D)@sg,1522417990000,2018-03-30 21:53:10.000000,LIMIT,BID,3597.0,10
444,Ag(T+D)@sg,1522418000000,2018-03-30 21:53:20.000000,LIMIT,ASK,3598.0,10
445,Ag(T+D)@sg,1522418010000,2018-03-30 21:53:30.000000,LIMIT,ASK,3598.0,10
446,Ag(T+D)@sg,1522418020000,2018-03-30 21:53:40.000000,LIMIT,ASK,3598.0,10
447,Ag(T+D)@sg,1522418030000,2018-03-30 21:53:50.000000,LIMIT,ASK,3598.0,10
448,Ag(T+D)@sg,1522418040000,2018-03-30 21:54:00.000000,LIMIT,ASK,3598.0,10
449,Ag(T+D)@sg,1522418050000,2018-03-30 21:54:10.000000,LIMIT,ASK,3598.0,10
450,Ag(T+D)@sg,1522418060000,2018-03-30 21:54:20.000000,LIMIT,ASK,3598.0,10
451,Ag(T+D)@sg,1522418070000,2018-03-30 21:54:30.000000,LIMIT,ASK,3598.0,10
452,Ag(T+D)@sg,1522418080000,2018-03-30 21:54:40.000000,LIMIT,ASK,3598.0,10
453,Ag(T+D)@sg,1522418090000,2018-03-30 21:54:50.000000,LIMIT,ASK,3598.0,10
454,Ag(T+D)@sg,1522418100000,2018-03-30 21:55:00.000000,LIMIT,ASK,3598.0,10
455,Ag(T+D)@sg,1522418110000,2018-03-30 21:55:10.000000,LIMIT,ASK,3598.0,10
456,Ag(T+D)@sg,1522418120000,2018-03-30 21:55:20.000000,LIMIT,ASK,3598.0,10
457,Ag(T+D)@sg,1522418175000,2018-03-30 21:56:15.000000,LIMIT,BID,3596.0,10
458,Ag(T+D)@sg,1522418185000,2018-03-30 21:56:25.000000,LIMIT,BID,3596.0,10
459,Ag(T+D)@sg,1522418195000,2018-03-30 21:56:35.000000,LIMIT,BID,3596.0,10
460,Ag(T+D)@sg,1522418205000,2018-03-30 21:56:45.000000,LIMIT,BID,3596.0,10
461,Ag(T+D)@sg,1522418215000,2018-03-30 21:56:55.000000,LIMIT,BID,3596.0,10
462,Ag(T+D)@sg,1522418225000,2018-03-30 21:57:05.000000,LIMIT,BID,3596.0,10
463,Ag(T+D)@sg,1522418235000,2018-03-30 21:57:15.000000,LIMIT,ASK,3597.0,10
464,Ag(T+D)@sg,1522418245000,2018-03-30 21:57:25.000000,LIMIT,ASK,3597.0,10
465,Ag(T+D)@sg,1522418255000,2018-03-30 21:57:35.000000,LIMIT,ASK,3597.0,10
466,Ag(T+D)@sg,1522418265000,2018-03-30 21:57:45.000000,LIMIT,ASK,3597.0,10
467,Ag(T+D)@sg,1522418275000,2018-03-30 21:57:55.000000,LIMIT,ASK,3597.0,10
468,Ag(T+D)@sg,1522418285000,2018-03-30 21:58:05.000000,LIMIT,ASK,3597.0,10
469,Ag(T+D)@sg,1522418295000,2018-03-30 21:58:15.000000,LIMIT,ASK,3597.0,10
470,Ag(T+D)@sg,1522418305000,2018-03-30 21:58:25.000000,LIMIT,ASK,3597.0,10
471,Ag(T+D)@sg,1522418315000,2018-03-30 21:58:35.000000,LIMIT,ASK,3597.0,10
472,Ag(T+D)@sg,1522418325000,2018-03-30 21:58:45.000000,LIMIT,ASK,3597.0,10
473,Ag(T+D)@sg,1522418335000,2018-03-30 21:58:55.000000,LIMIT,ASK,3597.0,10
474,Ag(T+D)@sg,1522418345000,2018-03-30 21:59:05.000000,LIMIT,ASK,3597.0,10
475,Ag(T+D)@sg,1522418355000,2018-03-30 21:59:15.000000,LIMIT,ASK,3597.0,10
476,Ag(T+D)@sg,1522418365000,2018-03-30 21:59:25.000000,LIMIT,ASK,3596.0,10
477,Ag(T+D)@sg,1522418375000,2018-03-30 21:59:35.000000,LIMIT,ASK,3596.0,10
478,Ag(T+D)@sg,1522418385000,2018-03-30 21:59:45.000000,LIMIT,ASK,3596.0,10
479,Ag(T+D)@sg,1522418395000,2018-03-30 21:59:55.000000,LIMIT,ASK,3596.0,10
480,Ag(T+D)@sg,1522418405000,2018-03-30 22:00:05.000000,LIMIT,ASK,3596.0,10
481,Ag(T+D)@sg,1522418415000,2018-03-30 22:00:15.000000,LIMIT,ASK,3596.0,10
482,Ag(T+D)@sg,1522418425000,2018-03-30 22:00:25.000000,LIMIT,ASK,3596.0,10
483,Ag(T+D)@sg,1522418440000,2018-03-30 22:00:40.000000,LIMIT,BID,3595.0,10
484,Ag(T+D)@sg,1522418450000,2018-03-30 22:00:50.000000,LIMIT,BID,3595.0,10
485,Ag(T+D)@sg,1522418460000,2018-03-30 22:01:00.000000,LIMIT,BID,3595.0,10
486,Ag(T+D)@sg,1522418470000,2018-03-30 22:01:10.000000,LIMIT,BID,3595.0,10
487,Ag(T+D)@sg,1522418480000,2018-03-30 22:01:20.000000,LIMIT,ASK,3596.0,10
488,Ag(T+D)@sg,1522418490000,2018-03-30 22:01:30.000000,LIMIT,ASK,3596.0,10
489,Ag(T+D)@sg,1522418500000,2018-03-30 22:01:40.000000,LIMIT,ASK,3596.0,10
490,Ag(T+D)@sg,1522418510000,2018-03-30 22:01:50.000000,LIMIT,ASK,3596.0,10
491,Ag(T+D)@sg,1522418520000,2018-03-30 22:02:00.000000,LIMIT,ASK,3596.0,10
492,Ag(T+D)@sg,1522418530000,2018-03-30 22:02:10.000000,LIMIT,ASK,3596.0,10
493,Ag(T+D)@sg,1522418540000,2018-03-30 22:02:20.000000,LIMIT,ASK,3596.0,10
494,Ag(T+D)@sg,1522418550000,2018-03-30 22:02:30.000000,LIMIT,ASK,3595.0,10
495,Ag(T+D)@sg,1522418560000,2018-03-30 22:02:40.000000,LIMIT,ASK,3595.0,10
496,Ag(T+D)@sg,1522418570000,2018-03-30 22:02:50.000000,LIMIT,ASK,3595.0,10
497,Ag(T+D)@sg,1522418580000,2018-03-30 22:03:00.000000,LIMIT,ASK,3595.0,10
498,Ag(T+D)@sg,1522418590000,2018-03-30 22:03:10.000000,LIMIT,ASK,3595.0,10
499,Ag(T+D)@sg,1522418600000,2018-03-30 22:03:20.000000,LIMIT,ASK,3595.0,10
500,Ag(T+D)@sg,1522418610000,2018-03-30 22:03:30.000000,LIMIT,ASK,3595.0,10
501,Ag(T+D)@sg,1522418620000,2018-03-30 22:03:40.000000,LIMIT,ASK,3595.0,10
502,Ag(T+D)@sg,1522418630000,2018-03-30 22:03:50.000000,LIMIT,ASK,3595.0,10
503,Ag(T+D)@sg,1522418640000,2018-03-30 22:04:00.000000,LIMIT,ASK,3595.0,10
504,Ag(T+D)@sg,1522418650000,2018-03-30 22:04:10.000000,LIMIT,ASK,3595.0,10
505,Ag(T+D)@sg,1522418660000,2018-03-30 22:04:20.000000,LIMIT,ASK,3595.0,10
506,Ag(T+D)@sg,1522418670000,2018-03-30 22:04:30.000000,LIMIT,ASK,3595.0,10
507,Ag(T+D)@sg,1522418680000,2018-03-30 22:04:40.000000,LIMIT,ASK,3595.0,10
508,Ag(T+D)@sg,1522418690000,2018-03-30 22:04:50.000000,LIMIT,ASK,3595.0,10
509,Ag(T+D)@sg,1522418700000,2018-03-30 22:05:00.000000,LIMIT,ASK,3595.0,10
510,Ag(T+D)@sg,1522418710000,2018-03-30 22:05:10.000000,LIMIT,ASK,3595.0,10
511,Ag(T+D)@sg,1522418720000,2018-03-30 22:05:20.000000,LIMIT,ASK,3595.0,10
512,Ag(T+D)@sg,1522418730000,2018-03-30 22:05:30.000000,LIMIT,ASK,3595.0,10
513,Ag(T+D)@sg,1522418740000,2018-03-30 22:05:40.000000,LIMIT,ASK,3595.0,10
514,Ag(T+D)@sg,1522418750000,2018-03-30 22:05:50.000000,LIMIT,ASK,3595.0,10
515,Ag(T+D)@sg,1522418760000,2018-03-30 22:06:00.000000,LIMIT,ASK,3595.0,10
516,Ag(T+D)@sg,1522418770000,2018-03-30 22:06:10.000000,LIMIT,ASK,3595.0,10
517,Ag(T+D)@sg,1522418780000,2018-03-30 22:06:20.000000,LIMIT,ASK,3595.0,10
518,Ag(T+D)@sg,1522418790000,2018-03-30 22:06:30.000000,LIMIT,ASK,3595.0,10
519,Ag(T+D)@sg,1522418800000,2018-03-30 22:06:40.000000,LIMIT,ASK,3595.0,10
520,Ag(T+D)@sg,1522418810000,2018-03-30 22:06:50.000000,LIMIT,ASK,3595.0,10
521,Ag(T+D)@sg,1522418820000,2018-03-30 22:07:00.000000,LIMIT,ASK,3595.0,10
522,Ag(T+D)@sg,1522418830000,2018-03-30 22:07:10.000000,LIMIT,ASK,3596.0,10
523,Ag(T+D)@sg,1522418840000,2018-03-30 22:07:20.000000,LIMIT,BID,3594.0,10
524,Ag(T+D)@sg,1522418850000,2018-03-30 22:07:30.000000,LIMIT,BID,3594.0,10
525,Ag(T+D)@sg,1522418865000,2018-03-30 22:07:45.000000,LIMIT,ASK,3595.0,10
526,Ag(T+D)@sg,1522418875000,2018-03-30 22:07:55.000000,LIMIT,ASK,3595.0,10
527,Ag(T+D)@sg,1522418885000,2018-03-30 22:08:05.000000,LIMIT,ASK,3595.0,10
528,Ag(T+D)@sg,1522418895000,2018-03-30 22:08:15.000000,LIMIT,ASK,3595.0,10
529,Ag(T+D)@sg,1522418905000,2018-03-30 22:08:25.000000,LIMIT,ASK,3595.0,10
530,Ag(T+D)@sg,1522418915000,2018-03-30 22:08:35.000000,LIMIT,ASK,3595.0,10
531,Ag(T+D)@sg,1522418925000,2018-03-30 22:08:45.000000,LIMIT,ASK,3595.0,10
532,Ag(T+D)@sg,1522418935000,2018-03-30 22:08:55.000000,LIMIT,ASK,3595.0,10
533,Ag(T+D)@sg,1522418945000,2018-03-30 22:09:05.000000,LIMIT,ASK,3595.0,10
534,Ag(T+D)@sg,1522418955000,2018-03-30 22:09:15.000000,LIMIT,ASK,3595.0,10
535,Ag(T+D)@sg,1522419000000,2018-03-30 22:10:00.000000,LIMIT,ASK,3595.0,10
536,Ag(T+D)@sg,1522419010000,2018-03-30 22:10:10.000000,LIMIT,ASK,3595.0,10
537,Ag(T+D)@sg,1522419020000,2018-03-30 22:10:20.000000,LIMIT,ASK,3595.0,10
538,Ag(T+D)@sg,1522419030000,2018-03-30 22:10:30.000000,LIMIT,ASK,3595.0,10
539,Ag(T+D)@sg,1522419040000,2018-03-30 22:10:40.000000,LIMIT,ASK,3595.0,10
540,Ag(T+D)@sg,1522419050000,2018-03-30 22:10:50.000000,LIMIT,ASK,3595.0,10
541,Ag(T+D)@sg,1522419060000,2018-03-30 22:11:00.000000,LIMIT,ASK,3595.0,10
542,Ag(T+D)@sg,1522419070000,2018-03-30 22:11:10.000000,LIMIT,ASK,3595.0,10
543,Ag(T+D)@sg,1522419080000,2018-03-30 22:11:20.000000,LIMIT,BID,3594.0,10
544,Ag(T+D)@sg,1522419090000,2018-03-30 22:11:30.000000,LIMIT,BID,3594.0,10
545,Ag(T+D)@sg,1522419100000,2018-03-30 22:11:40.000000,LIMIT,BID,3594.0,10
546,Ag(T+D)@sg,1522419110000,2018-03-30 22:11:50.000000,LIMIT,BID,3594.0,10
547,Ag(T+D)@sg,1522419120000,2018-03-30 22:12:00.000000,LIMIT,BID,3594.0,10
548,Ag(T+D)@sg,1522419130000,2018-03-30 22:12:10.000000,LIMIT,BID,3594.0,10
549,Ag(T+D)@sg,1522419140000,2018-03-30 22:12:20.000000,LIMIT,BID,3594.0,10
550,Ag(T+D)@sg,1522419150000,2018-03-30 22:12:30.000000,LIMIT,BID,3594.0,10
551,Ag(T+D)@sg,1522419160000,2018-03-30 22:12:40.000000,LIMIT,BID,3594.0,10
552,Ag(T+D)@sg,1522419170000,2018-03-30 22:12:50.000000,LIMIT,BID,3594.0,10
553,Ag(T+D)@sg,1522419180000,2018-03-30 22:13:00.000000,LIMIT,BID,3594.0,10
554,Ag(T+D)@sg,1522419190000,2018-03-30 22:13:10.000000,LIMIT,BID,3594.0,10
555,Ag(T+D)@sg,1522419200000,2018-03-30 22:13:20.000000,LIMIT,BID,3594.0,10
556,Ag(T+D)@sg,1522419210000,2018-03-30 22:13:30.000000,LIMIT,BID,3594.0,10
557,Ag(T+D)@sg,1522419220000,2018-03-30 22:13:40.000000,LIMIT,BID,3594.0,10
558,Ag(T+D)@sg,1522419230000,2018-03-30 22:13:50.000000,LIMIT,ASK,3595.0,10
559,Ag(T+D)@sg,1522419240000,2018-03-30 22:14:00.000000,LIMIT,ASK,3595.0,10
560,Ag(T+D)@sg,1522419250000,2018-03-30 22:14:10.000000,LIMIT,ASK,3595.0,10
561,Ag(T+D)@sg,1522419260000,2018-03-30 22:14:20.000000,LIMIT,ASK,3595.0,10
562,Ag(T+D)@sg,1522419270000,2018-03-30 22:14:30.000000,LIMIT,ASK,3595.0,10
563,Ag(T+D)@sg,1522419280000,2018-03-30 22:14:40.000000,LIMIT,ASK,3595.0,10
564,Ag(T+D)@sg,1522419290000,2018-03-30 22:14:50.000000,LIMIT,ASK,3595.0,10
565,Ag(T+D)@sg,1522419300000,2018-03-30 22:15:00.000000,LIMIT,ASK,3595.0,10
566,Ag(T+D)@sg,1522419310000,2018-03-30 22:15:10.000000,LIMIT,ASK,3595.0,10
567,Ag(T+D)@sg,1522419320000,2018-03-30 22:15:20.000000,LIMIT,ASK,3595.0,10
568,Ag(T+D)@sg,1522419330000,2018-03-30 22:15:30.000000,LIMIT,ASK,3595.0,10
569,Ag(T+D)@sg,1522419385000,2018-03-30 22:16:25.000000,LIMIT,BID,3594.0,10
570,Ag(T+D)@sg,1522419395000,2018-03-30 22:16:35.000000,LIMIT,BID,3594.0,10
571,Ag(T+D)@sg,1522419405000,2018-03-30 22:16:45.000000,LIMIT,BID,3594.0,10
572,Ag(T+D)@sg,1522419415000,2018-03-30 22:16:55.000000,LIMIT,BID,3594.0,10
573,Ag(T+D)@sg,1522419425000,2018-03-30 22:17:05.000000,LIMIT,BID,3594.0,10
574,Ag(T+D)@sg,1522419435000,2018-03-30 22:17:15.000000,LIMIT,BID,3594.0,10
575,Ag(T+D)@sg,1522419445000,2018-03-30 22:17:25.000000,LIMIT,ASK,3595.0,10
576,Ag(T+D)@sg,1522419455000,2018-03-30 22:17:35.000000,LIMIT,ASK,3595.0,10
577,Ag(T+D)@sg,1522419465000,2018-03-30 22:17:45.000000,LIMIT,ASK,3595.0,10
578,Ag(T+D)@sg,1522419475000,2018-03-30 22:17:55.000000,LIMIT,ASK,3595.0,10
579,Ag(T+D)@sg,1522419485000,2018-03-30 22:18:05.000000,LIMIT,ASK,3595.0,10
580,Ag(T+D)@sg,1522419495000,2018-03-30 22:18:15.000000,LIMIT,ASK,3595.0,10
581,Ag(T+D)@sg,1522419505000,2018-03-30 22:18:25.000000,LIMIT,ASK,3595.0,10
582,Ag(T+D)@sg,1522419515000,2018-03-30 22:18:35.000000,LIMIT,ASK,3595.0,10
583,Ag(T+D)@sg,1522419525000,2018-03-30 22:18:45.000000,LIMIT,ASK,3595.0,10
584,Ag(T+D)@sg,1522419535000,2018-03-30 22:18:55.000000,LIMIT,ASK,3595.0,10
585,Ag(T+D)@sg,1522419545000,2018-03-30 22:19:05.000000,LIMIT,ASK,3595.0,10
586,Ag(T+D)@sg,1522419555000,2018-03-30 22:19:15.000000,LIMIT,ASK,3595.0,10
587,Ag(T+D)@sg,1522419565000,2018-03-30 22:19:25.000000,LIMIT,ASK,3595.0,10
588,Ag(T+D)@sg,1522419575000,2018-03-30 22:19:35.000000,LIMIT,ASK,3595.0,10
589,Ag(T+D)@sg,1522419585000,2018-03-30 22:19:45.000000,LIMIT,ASK,3595.0,10
590,Ag(T+D)@sg,1522419595000,2018-03-30 22:19:55.000000,LIMIT,ASK,3595.0,10
591,Ag(T+D)@sg,1522419605000,2018-03-30 22:20:05.000000,LIMIT,ASK,3595.0,10
592,Ag(T+D)@sg,1522419615000,2018-03-30 22:20:15.000000,LIMIT,ASK,3595.0,10
593,Ag(T+D)@sg,1522419625000,2018-03-30 22:20:25.000000,LIMIT,ASK,3595.0,10
594,Ag(T+D)@sg,1522419635000,2018-03-30 22:20:35.000000,LIMIT,ASK,3595.0,10
595,Ag(T+D)@sg,1522419655000,2018-03-30 22:20:55.000000,LIMIT,ASK,3595.0,10
596,Ag(T+D)@sg,1522419665000,2018-03-30 22:21:05.000000,LIMIT,ASK,3595.0,10
597,Ag(T+D)@sg,1522419675000,2018-03-30 22:21:15.000000,LIMIT,ASK,3595.0,10
598,Ag(T+D)@sg,1522419685000,2018-03-30 22:21:25.000000,LIMIT,ASK,3595.0,10
599,Ag(T+D)@sg,1522419695000,2018-03-30 22:21:35.000000,LIMIT,ASK,3595.0,10
600,Ag(T+D)@sg,1522419705000,2018-03-30 22:21:45.000000,LIMIT,ASK,3595.0,10
601,Ag(T+D)@sg,1522419715000,2018-03-30 22:21:55.000000,LIMIT,ASK,3595.0,10
602,Ag(T+D)@sg,1522419725000,2018-03-30 22:22:05.000000,LIMIT,ASK,3595.0,10
603,Ag(T+D)@sg,1522419735000,2018-03-30 22:22:15.000000,LIMIT,ASK,3595.0,10
604,Ag(T+D)@sg,1522419745000,2018-03-30 22:22:25.000000,LIMIT,ASK,3595.0,10
605,Ag(T+D)@sg,1522419755000,2018-03-30 22:22:35.000000,LIMIT,ASK,3595.0,10
606,Ag(T+D)@sg,1522419765000,2018-03-30 22:22:45.000000,LIMIT,ASK,3595.0,10
607,Ag(T+D)@sg,1522420205000,2018-03-30 22:30:05.000000,LIMIT,BID,3595.0,10
608,Ag(T+D)@sg,1522420215000,2018-03-30 22:30:15.000000,LIMIT,BID,3595.0,10
609,Ag(T+D)@sg,1522420225000,2018-03-30 22:30:25.000000,LIMIT,BID,3595.0,10
610,Ag(T+D)@sg,1522420235000,2018-03-30 22:30:35.000000,LIMIT,BID,3595.0,10
611,Ag(T+D)@sg,1522420245000,2018-03-30 22:30:45.000000,LIMIT,BID,3595.0,10
612,Ag(T+D)@sg,1522420255000,2018-03-30 22:30:55.000000,LIMIT,BID,3595.0,10
613,Ag(T+D)@sg,1522420265000,2018-03-30 22:31:05.000000,LIMIT,BID,3595.0,10
614,Ag(T+D)@sg,1522420275000,2018-03-30 22:31:15.000000,LIMIT,BID,3595.0,10
615,Ag(T+D)@sg,1522420285000,2018-03-30 22:31:25.000000,LIMIT,BID,3595.0,10
616,Ag(T+D)@sg,1522420295000,2018-03-30 22:31:35.000000,LIMIT,BID,3595.0,10
617,Ag(T+D)@sg,1522420305000,2018-03-30 22:31:45.000000,LIMIT,BID,3595.0,10
618,Ag(T+D)@sg,1522420315000,2018-03-30 22:31:55.000000,LIMIT,BID,3595.0,10
619,Ag(T+D)@sg,1522420325000,2018-03-30 22:32:05.000000,LIMIT,BID,3595.0,10
620,Ag(T+D)@sg,1522420335000,2018-03-30 22:32:15.000000,LIMIT,BID,3595.0,10
621,Ag(T+D)@sg,1522420345000,2018-03-30 22:32:25.000000,LIMIT,ASK,3596.0,10
622,Ag(T+D)@sg,1522420355000,2018-03-30 22:32:35.000000,LIMIT,ASK,3596.0,10
623,Ag(T+D)@sg,1522420365000,2018-03-30 22:32:45.000000,LIMIT,ASK,3596.0,10
624,Ag(T+D)@sg,1522420375000,2018-03-30 22:32:55.000000,LIMIT,ASK,3596.0,10
625,Ag(T+D)@sg,1522420385000,2018-03-30 22:33:05.000000,LIMIT,ASK,3596.0,10
626,Ag(T+D)@sg,1522420395000,2018-03-30 22:33:15.000000,LIMIT,ASK,3596.0,10
627,Ag(T+D)@sg,1522420405000,2018-03-30 22:33:25.000000,LIMIT,ASK,3596.0,10
628,Ag(T+D)@sg,1522420415000,2018-03-30 22:33:35.000000,LIMIT,ASK,3596.0,10
629,Ag(T+D)@sg,1522420425000,2018-03-30 22:33:45.000000,LIMIT,ASK,3596.0,10
630,Ag(T+D)@sg,1522420435000,2018-03-30 22:33:55.000000,LIMIT,ASK,3596.0,10
631,Ag(T+D)@sg,1522420445000,2018-03-30 22:34:05.000000,LIMIT,ASK,3596.0,10
632,Ag(T+D)@sg,1522420455000,2018-03-30 22:34:15.000000,LIMIT,ASK,3596.0,10
633,Ag(T+D)@sg,1522420465000,2018-03-30 22:34:25.000000,LIMIT,ASK,3596.0,10
634,Ag(T+D)@sg,1522420475000,2018-03-30 22:34:35.000000,LIMIT,ASK,3596.0,10
635,Ag(T+D)@sg,1522420485000,2018-03-30 22:34:45.000000,LIMIT,ASK,3596.0,10
636,Ag(T+D)@sg,1522420635000,2018-03-30 22:37:15.000000,LIMIT,BID,3595.0,10
637,Ag(T+D)@sg,1522420645000,2018-03-30 22:37:25.000000,LIMIT,BID,3595.0,10
638,Ag(T+D)@sg,1522420655000,2018-03-30 22:37:35.000000,LIMIT,BID,3595.0,10
639,Ag(T+D)@sg,1522420665000,2018-03-30 22:37:45.000000,LIMIT,BID,3595.0,10
640,Ag(T+D)@sg,1522420675000,2018-03-30 22:37:55.000000,LIMIT,BID,3595.0,10
641,Ag(T+D)@sg,1522420685000,2018-03-30 22:38:05.000000,LIMIT,BID,3595.0,10
642,Ag(T+D)@sg,1522420695000,2018-03-30 22:38:15.000000,LIMIT,BID,3595.0,10
643,Ag(T+D)@sg,1522420705000,2018-03-30 22:38:25.000000,LIMIT,BID,3595.0,10
644,Ag(T+D)@sg,1522420715000,2018-03-30 22:38:35.000000,LIMIT,BID,3595.0,10
645,Ag(T+D)@sg,1522420725000,2018-03-30 22:38:45.000000,LIMIT,BID,3595.0,10
646,Ag(T+D)@sg,1522420785000,2018-03-30 22:39:45.000000,LIMIT,ASK,3596.0,10
647,Ag(T+D)@sg,1522420795000,2018-03-30 22:39:55.000000,LIMIT,ASK,3596.0,10
648,Ag(T+D)@sg,1522420805000,2018-03-30 22:40:05.000000,LIMIT,ASK,3596.0,10
649,Ag(T+D)@sg,1522420815000,2018-03-30 22:40:15.000000,LIMIT,ASK,3596.0,10
650,Ag(T+D)@sg,1522420825000,2018-03-30 22:40:25.000000,LIMIT,ASK,3596.0,10
651,Ag(T+D)@sg,1522420835000,2018-03-30 22:40:35.000000,LIMIT,ASK,3596.0,10
652,Ag(T+D)@sg,1522420845000,2018-03-30 22:40:45.000000,LIMIT,ASK,3596.0,10
653,Ag(T+D)@sg,1522420855000,2018-03-30 22:40:55.000000,LIMIT,ASK,3596.0,10
654,Ag(T+D)@sg,1522420865000,2018-03-30 22:41:05.000000,LIMIT,ASK,3596.0,10
655,Ag(T+D)@sg,1522420875000,2018-03-30 22:41:15.000000,LIMIT,ASK,3596.0,10
656,Ag(T+D)@sg,1522420885000,2018-03-30 22:41:25.000000,LIMIT,ASK,3596.0,10
657,Ag(T+D)@sg,1522420900000,2018-03-30 22:41:40.000000,LIMIT,BID,3595.0,10
658,Ag(T+D)@sg,1522420910000,2018-03-30 22:41:50.000000,LIMIT,BID,3595.0,10
659,Ag(T+D)@sg,1522420920000,2018-03-30 22:42:00.000000,LIMIT,BID,3595.0,10
660,Ag(T+D)@sg,1522420930000,2018-03-30 22:42:10.000000,LIMIT,BID,3595.0,10
661,Ag(T+D)@sg,1522420940000,2018-03-30 22:42:20.000000,LIMIT,BID,3595.0,10
662,Ag(T+D)@sg,1522420950000,2018-03-30 22:42:30.000000,LIMIT,BID,3595.0,10
663,Ag(T+D)@sg,1522420960000,2018-03-30 22:42:40.000000,LIMIT,BID,3595.0,10
664,Ag(T+D)@sg,1522420970000,2018-03-30 22:42:50.000000,LIMIT,BID,3595.0,10
665,Ag(T+D)@sg,1522420980000,2018-03-30 22:43:00.000000,LIMIT,BID,3595.0,10
666,Ag(T+D)@sg,1522420990000,2018-03-30 22:43:10.000000,LIMIT,BID,3595.0,10
667,Ag(T+D)@sg,1522421000000,2018-03-30 22:43:20.000000,LIMIT,BID,3595.0,10
668,Ag(T+D)@sg,1522421010000,2018-03-30 22:43:30.000000,LIMIT,ASK,3596.0,10
669,Ag(T+D)@sg,1522421020000,2018-03-30 22:43:40.000000,LIMIT,ASK,3596.0,10
670,Ag(T+D)@sg,1522421030000,2018-03-30 22:43:50.000000,LIMIT,ASK,3596.0,10
671,Ag(T+D)@sg,1522421040000,2018-03-30 22:44:00.000000,LIMIT,ASK,3596.0,10
672,Ag(T+D)@sg,1522421050000,2018-03-30 22:44:10.000000,LIMIT,ASK,3596.0,10
673,Ag(T+D)@sg,1522421060000,2018-03-30 22:44:20.000000,LIMIT,ASK,3596.0,10
674,Ag(T+D)@sg,1522421070000,2018-03-30 22:44:30.000000,LIMIT,ASK,3596.0,10
675,Ag(T+D)@sg,1522421080000,2018-03-30 22:44:40.000000,LIMIT,ASK,3596.0,10
676,Ag(T+D)@sg,1522421090000,2018-03-30 22:44:50.000000,LIMIT,ASK,3596.0,10
677,Ag(T+D)@sg,1522421100000,2018-03-30 22:45:00.000000,LIMIT,ASK,3595.0,10
678,Ag(T+D)@sg,1522421115000,2018-03-30 22:45:15.000000,LIMIT,BID,3594.0,10
679,Ag(T+D)@sg,1522421125000,2018-03-30 22:45:25.000000,LIMIT,BID,3594.0,10
680,Ag(T+D)@sg,1522421135000,2018-03-30 22:45:35.000000,LIMIT,BID,3594.0,10
681,Ag(T+D)@sg,1522421145000,2018-03-30 22:45:45.000000,LIMIT,BID,3594.0,10
682,Ag(T+D)@sg,1522421155000,2018-03-30 22:45:55.000000,LIMIT,BID,3594.0,10
683,Ag(T+D)@sg,1522421165000,2018-03-30 22:46:05.000000,LIMIT,ASK,3595.0,10
684,Ag(T+D)@sg,1522421175000,2018-03-30 22:46:15.000000,LIMIT,ASK,3595.0,10
685,Ag(T+D)@sg,1522421185000,2018-03-30 22:46:25.000000,LIMIT,ASK,3595.0,10
686,Ag(T+D)@sg,1522421195000,2018-03-30 22:46:35.000000,LIMIT,ASK,3595.0,10
687,Ag(T+D)@sg,1522421205000,2018-03-30 22:46:45.000000,LIMIT,ASK,3595.0,10
688,Ag(T+D)@sg,1522421215000,2018-03-30 22:46:55.000000,LIMIT,ASK,3595.0,10
689,Ag(T+D)@sg,1522421225000,2018-03-30 22:47:05.000000,LIMIT,ASK,3595.0,10
690,Ag(T+D)@sg,1522421235000,2018-03-30 22:47:15.000000,LIMIT,ASK,3595.0,10
691,Ag(T+D)@sg,1522421245000,2018-03-30 22:47:25.000000,LIMIT,ASK,3595.0,10
692,Ag(T+D)@sg,1522421255000,2018-03-30 22:47:35.000000,LIMIT,ASK,3595.0,10
693,Ag(T+D)@sg,1522421265000,2018-03-30 22:47:45.000000,LIMIT,ASK,3595.0,10
694,Ag(T+D)@sg,1522421275000,2018-03-30 22:47:55.000000,LIMIT,ASK,3595.0,10
695,Ag(T+D)@sg,1522421285000,2018-03-30 22:48:05.000000,LIMIT,ASK,3595.0,10
696,Ag(T+D)@sg,1522421295000,2018-03-30 22:48:15.000000,LIMIT,ASK,3595.0,10
697,Ag(T+D)@sg,1522421305000,2018-03-30 22:48:25.000000,LIMIT,ASK,3595.0,10
698,Ag(T+D)@sg,1522421315000,2018-03-30 22:48:35.000000,LIMIT,ASK,3595.0,10
699,Ag(T+D)@sg,1522421325000,2018-03-30 22:48:45.000000,LIMIT,ASK,3595.0,10
700,Ag(T+D)@sg,1522421335000,2018-03-30 22:48:55.000000,LIMIT,ASK,3595.0,10
701,Ag(T+D)@sg,1522421345000,2018-03-30 22:49:05.000000,LIMIT,ASK,3595.0,10
702,Ag(T+D)@sg,1522421355000,2018-03-30 22:49:15.000000,LIMIT,ASK,3595.0,10
703,Ag(T+D)@sg,1522421405000,2018-03-30 22:50:05.000000,LIMIT,BID,3593.0,10
704,Ag(T+D)@sg,1522421415000,2018-03-30 22:50:15.000000,LIMIT,BID,3593.0,10
705,Ag(T+D)@sg,1522421425000,2018-03-30 22:50:25.000000,LIMIT,BID,3593.0,10
706,Ag(T+D)@sg,1522421435000,2018-03-30 22:50:35.000000,LIMIT,BID,3593.0,10
707,Ag(T+D)@sg,1522421445000,2018-03-30 22:50:45.000000,LIMIT,BID,3593.0,10
708,Ag(T+D)@sg,1522421455000,2018-03-30 22:50:55.000000,LIMIT,BID,3594.0,10
709,Ag(T+D)@sg,1522421465000,2018-03-30 22:51:05.000000,LIMIT,BID,3594.0,10
710,Ag(T+D)@sg,1522421540000,2018-03-30 22:52:20.000000,LIMIT,ASK,3595.0,10
711,Ag(T+D)@sg,1522421550000,2018-03-30 22:52:30.000000,LIMIT,ASK,3594.0,10
712,Ag(T+D)@sg,1522421560000,2018-03-30 22:52:40.000000,LIMIT,ASK,3594.0,10
713,Ag(T+D)@sg,1522421570000,2018-03-30 22:52:50.000000,LIMIT,ASK,3594.0,10
714,Ag(T+D)@sg,1522421580000,2018-03-30 22:53:00.000000,LIMIT,ASK,3594.0,10
715,Ag(T+D)@sg,1522421590000,2018-03-30 22:53:10.000000,LIMIT,ASK,3594.0,10
716,Ag(T+D)@sg,1522421600000,2018-03-30 22:53:20.000000,LIMIT,ASK,3594.0,10
717,Ag(T+D)@sg,1522421610000,2018-03-30 22:53:30.000000,LIMIT,ASK,3594.0,10
718,Ag(T+D)@sg,1522421620000,2018-03-30 22:53:40.000000,LIMIT,ASK,3594.0,10
719,Ag(T+D)@sg,1522421630000,2018-03-30 22:53:50.000000,LIMIT,ASK,3594.0,10
720,Ag(T+D)@sg,1522421640000,2018-03-30 22:54:00.000000,LIMIT,ASK,3594.0,10
721,Ag(T+D)@sg,1522421650000,2018-03-30 22:54:10.000000,LIMIT,ASK,3594.0,10
722,Ag(T+D)@sg,1522421660000,2018-03-30 22:54:20.000000,LIMIT,ASK,3594.0,10
723,Ag(T+D)@sg,1522421670000,2018-03-30 22:54:30.000000,LIMIT,ASK,3594.0,10
724,Ag(T+D)@sg,1522421680000,2018-03-30 22:54:40.000000,LIMIT,ASK,3594.0,10
725,Ag(T+D)@sg,1522421690000,2018-03-30 22:54:50.000000,LIMIT,ASK,3594.0,10
726,Ag(T+D)@sg,1522421700000,2018-03-30 22:55:00.000000,LIMIT,ASK,3594.0,10
727,Ag(T+D)@sg,1522421710000,2018-03-30 22:55:10.000000,LIMIT,ASK,3594.0,10
728,Ag(T+D)@sg,1522421720000,2018-03-30 22:55:20.000000,LIMIT,ASK,3594.0,10
729,Ag(T+D)@sg,1522421730000,2018-03-30 22:55:30.000000,LIMIT,ASK,3594.0,10
730,Ag(T+D)@sg,1522421740000,2018-03-30 22:55:40.000000,LIMIT,ASK,3594.0,10
731,Ag(T+D)@sg,1522421750000,2018-03-30 22:55:50.000000,LIMIT,ASK,3594.0,10
732,Ag(T+D)@sg,1522421760000,2018-03-30 22:56:00.000000,LIMIT,ASK,3594.0,10
733,Ag(T+D)@sg,1522421770000,2018-03-30 22:56:10.000000,LIMIT,ASK,3594.0,10
734,Ag(T+D)@sg,1522421780000,2018-03-30 22:56:20.000000,LIMIT,ASK,3594.0,10
735,Ag(T+D)@sg,1522421790000,2018-03-30 22:56:30.000000,LIMIT,ASK,3594.0,10
736,Ag(T+D)@sg,1522421800000,2018-03-30 22:56:40.000000,LIMIT,ASK,3594.0,10
737,Ag(T+D)@sg,1522421810000,2018-03-30 22:56:50.000000,LIMIT,ASK,3594.0,10
738,Ag(T+D)@sg,1522421820000,2018-03-30 22:57:00.000000,LIMIT,BID,3593.0,10
739,Ag(T+D)@sg,1522421830000,2018-03-30 22:57:10.000000,LIMIT,BID,3593.0,10
740,Ag(T+D)@sg,1522421840000,2018-03-30 22:57:20.000000,LIMIT,BID,3593.0,10
741,Ag(T+D)@sg,1522421850000,2018-03-30 22:57:30.000000,LIMIT,BID,3593.0,10
742,Ag(T+D)@sg,1522421860000,2018-03-30 22:57:40.000000,LIMIT,BID,3593.0,10
743,Ag(T+D)@sg,1522421870000,2018-03-30 22:57:50.000000,LIMIT,ASK,3594.0,10
744,Ag(T+D)@sg,1522421880000,2018-03-30 22:58:00.000000,LIMIT,ASK,3594.0,10
745,Ag(T+D)@sg,1522421890000,2018-03-30 22:58:10.000000,LIMIT,ASK,3594.0,10
746,Ag(T+D)@sg,1522421900000,2018-03-30 22:58:20.000000,LIMIT,ASK,3594.0,10
747,Ag(T+D)@sg,1522421910000,2018-03-30 22:58:30.000000,LIMIT,ASK,3594.0,10
748,Ag(T+D)@sg,1522421920000,2018-03-30 22:58:40.000000,LIMIT,ASK,3594.0,10
749,Ag(T+D)@sg,1522421930000,2018-03-30 22:58:50.000000,LIMIT,ASK,3594.0,10
750,Ag(T+D)@sg,1522421940000,2018-03-30 22:59:00.000000,LIMIT,ASK,3594.0,10
751,Ag(T+D)@sg,1522421950000,2018-03-30 22:59:10.000000,LIMIT,ASK,3594.0,10
752,Ag(T+D)@sg,1522421960000,2018-03-30 22:59:20.000000,LIMIT,ASK,3594.0,10
753,Ag(T+D)@sg,1522421970000,2018-03-30 22:59:30.000000,LIMIT,ASK,3594.0,10
754,Ag(T+D)@sg,1522421980000,2018-03-30 22:59:40.000000,LIMIT,ASK,3594.0,10
755,Ag(T+D)@sg,1522421990000,2018-03-30 22:59:50.000000,LIMIT,ASK,3594.0,10
756,Ag(T+D)@sg,1522422000000,2018-03-30 23:00:00.000000,LIMIT,ASK,3594.0,10
757,Ag(T+D)@sg,1522422010000,2018-03-30 23:00:10.000000,LIMIT,ASK,3594.0,10
758,Ag(T+D)@sg,1522422020000,2018-03-30 23:00:20.000000,LIMIT,ASK,3594.0,10
759,Ag(T+D)@sg,1522422030000,2018-03-30 23:00:30.000000,LIMIT,ASK,3594.0,10
760,Ag(T+D)@sg,1522422040000,2018-03-30 23:00:40.000000,LIMIT,ASK,3594.0,10
761,Ag(T+D)@sg,1522422050000,2018-03-30 23:00:50.000000,LIMIT,ASK,3594.0,10
762,Ag(T+D)@sg,1522422060000,2018-03-30 23:01:00.000000,LIMIT,ASK,3594.0,10
763,Ag(T+D)@sg,1522422225000,2018-03-30 23:03:45.000000,LIMIT,BID,3593.0,10
764,Ag(T+D)@sg,1522422235000,2018-03-30 23:03:55.000000,LIMIT,BID,3593.0,10
765,Ag(T+D)@sg,1522422245000,2018-03-30 23:04:05.000000,LIMIT,BID,3593.0,10
766,Ag(T+D)@sg,1522422255000,2018-03-30 23:04:15.000000,LIMIT,BID,3593.0,10
767,Ag(T+D)@sg,1522422265000,2018-03-30 23:04:25.000000,LIMIT,BID,3593.0,10
768,Ag(T+D)@sg,1522422275000,2018-03-30 23:04:35.000000,LIMIT,BID,3593.0,10
769,Ag(T+D)@sg,1522422285000,2018-03-30 23:04:45.000000,LIMIT,BID,3593.0,10
770,Ag(T+D)@sg,1522422355000,2018-03-30 23:05:55.000000,LIMIT,BID,3593.0,10
771,Ag(T+D)@sg,1522422365000,2018-03-30 23:06:05.000000,LIMIT,BID,3593.0,10
772,Ag(T+D)@sg,1522422400000,2018-03-30 23:06:40.000000,LIMIT,BID,3593.0,10
773,Ag(T+D)@sg,1522422410000,2018-03-30 23:06:50.000000,LIMIT,BID,3593.0,10
774,Ag(T+D)@sg,1522422420000,2018-03-30 23:07:00.000000,LIMIT,BID,3593.0,10
775,Ag(T+D)@sg,1522422430000,2018-03-30 23:07:10.000000,LIMIT,BID,3593.0,10
776,Ag(T+D)@sg,1522422440000,2018-03-30 23:07:20.000000,LIMIT,BID,3593.0,10
777,Ag(T+D)@sg,1522422450000,2018-03-30 23:07:30.000000,LIMIT,BID,3593.0,10
778,Ag(T+D)@sg,1522422460000,2018-03-30 23:07:40.000000,LIMIT,BID,3593.0,10
779,Ag(T+D)@sg,1522422470000,2018-03-30 23:07:50.000000,LIMIT,BID,3593.0,10
780,Ag(T+D)@sg,1522422505000,2018-03-30 23:08:25.000000,LIMIT,ASK,3594.0,10
781,Ag(T+D)@sg,1522422515000,2018-03-30 23:08:35.000000,LIMIT,ASK,3594.0,10
782,Ag(T+D)@sg,1522422525000,2018-03-30 23:08:45.000000,LIMIT,ASK,3594.0,10
783,Ag(T+D)@sg,1522422535000,2018-03-30 23:08:55.000000,LIMIT,ASK,3594.0,10
784,Ag(T+D)@sg,1522422545000,2018-03-30 23:09:05.000000,LIMIT,ASK,3594.0,10
785,Ag(T+D)@sg,1522422555000,2018-03-30 23:09:15.000000,LIMIT,ASK,3594.0,10
786,Ag(T+D)@sg,1522422565000,2018-03-30 23:09:25.000000,LIMIT,ASK,3594.0,10
787,Ag(T+D)@sg,1522422575000,2018-03-30 23:09:35.000000,LIMIT,ASK,3594.0,10
788,Ag(T+D)@sg,1522422585000,2018-03-30 23:09:45.000000,LIMIT,ASK,3594.0,10
789,Ag(T+D)@sg,1522422595000,2018-03-30 23:09:55.000000,LIMIT,ASK,3594.0,10
790,Ag(T+D)@sg,1522422605000,2018-03-30 23:10:05.000000,LIMIT,ASK,3594.0,10
791,Ag(T+D)@sg,1522422615000,2018-03-30 23:10:15.000000,LIMIT,ASK,3594.0,10
792,Ag(T+D)@sg,1522422625000,2018-03-30 23:10:25.000000,LIMIT,ASK,3594.0,10
793,Ag(T+D)@sg,1522422635000,2018-03-30 23:10:35.000000,LIMIT,ASK,3594.0,10
794,Ag(T+D)@sg,1522422650000,2018-03-30 23:10:50.000000,LIMIT,BID,3593.0,10
795,Ag(T+D)@sg,1522422660000,2018-03-30 23:11:00.000000,LIMIT,BID,3593.0,10
796,Ag(T+D)@sg,1522422670000,2018-03-30 23:11:10.000000,LIMIT,BID,3593.0,10
797,Ag(T+D)@sg,1522422680000,2018-03-30 23:11:20.000000,LIMIT,BID,3593.0,10
798,Ag(T+D)@sg,1522422690000,2018-03-30 23:11:30.000000,LIMIT,BID,3593.0,10
799,Ag(T+D)@sg,1522422700000,2018-03-30 23:11:40.000000,LIMIT,BID,3593.0,10
800,Ag(T+D)@sg,1522422710000,2018-03-30 23:11:50.000000,LIMIT,BID,3593.0,10
801,Ag(T+D)@sg,1522422720000,2018-03-30 23:12:00.000000,LIMIT,BID,3593.0,10
802,Ag(T+D)@sg,1522422730000,2018-03-30 23:12:10.000000,LIMIT,BID,3593.0,10
803,Ag(T+D)@sg,1522422740000,2018-03-30 23:12:20.000000,LIMIT,ASK,3594.0,10
804,Ag(T+D)@sg,1522422750000,2018-03-30 23:12:30.000000,LIMIT,ASK,3594.0,10
805,Ag(T+D)@sg,1522422760000,2018-03-30 23:12:40.000000,LIMIT,ASK,3594.0,10
806,Ag(T+D)@sg,1522422770000,2018-03-30 23:12:50.000000,LIMIT,ASK,3594.0,10
807,Ag(T+D)@sg,1522422780000,2018-03-30 23:13:00.000000,LIMIT,ASK,3594.0,10
808,Ag(T+D)@sg,1522422790000,2018-03-30 23:13:10.000000,LIMIT,ASK,3594.0,10
809,Ag(T+D)@sg,1522422805000,2018-03-30 23:13:25.000000,LIMIT,BID,3593.0,10
810,Ag(T+D)@sg,1522422815000,2018-03-30 23:13:35.000000,LIMIT,ASK,3594.0,10
811,Ag(T+D)@sg,1522422825000,2018-03-30 23:13:45.000000,LIMIT,ASK,3594.0,10
812,Ag(T+D)@sg,1522422835000,2018-03-30 23:13:55.000000,LIMIT,ASK,3594.0,10
813,Ag(T+D)@sg,1522422845000,2018-03-30 23:14:05.000000,LIMIT,ASK,3594.0,10
814,Ag(T+D)@sg,1522422855000,2018-03-30 23:14:15.000000,LIMIT,ASK,3594.0,10
815,Ag(T+D)@sg,1522422865000,2018-03-30 23:14:25.000000,LIMIT,ASK,3594.0,10
816,Ag(T+D)@sg,1522422875000,2018-03-30 23:14:35.000000,LIMIT,ASK,3594.0,10
817,Ag(T+D)@sg,1522422885000,2018-03-30 23:14:45.000000,LIMIT,ASK,3594.0,10
818,Ag(T+D)@sg,1522422895000,2018-03-30 23:14:55.000000,LIMIT,ASK,3594.0,10
819,Ag(T+D)@sg,1522422905000,2018-03-30 23:15:05.000000,LIMIT,ASK,3594.0,10
820,Ag(T+D)@sg,1522422915000,2018-03-30 23:15:15.000000,LIMIT,ASK,3594.0,10
821,Ag(T+D)@sg,1522422925000,2018-03-30 23:15:25.000000,LIMIT,ASK,3594.0,10
822,Ag(T+D)@sg,1522422935000,2018-03-30 23:15:35.000000,LIMIT,ASK,3594.0,10
823,Ag(T+D)@sg,1522422945000,2018-03-30 23:15:45.000000,LIMIT,ASK,3594.0,10
824,Ag(T+D)@sg,1522422955000,2018-03-30 23:15:55.000000,LIMIT,ASK,3594.0,10
825,Ag(T+D)@sg,1522422965000,2018-03-30 23:16:05.000000,LIMIT,ASK,3594.0,10
826,Ag(T+D)@sg,1522422975000,2018-03-30 23:16:15.000000,LIMIT,ASK,3594.0,10
827,Ag(T+D)@sg,1522422985000,2018-03-30 23:16:25.000000,LIMIT,ASK,3594.0,10
828,Ag(T+D)@sg,1522422995000,2018-03-30 23:16:35.000000,LIMIT,ASK,3594.0,10
829,Ag(T+D)@sg,1522423005000,2018-03-30 23:16:45.000000,LIMIT,ASK,3594.0,10
830,Ag(T+D)@sg,1522423015000,2018-03-30 23:16:55.000000,LIMIT,ASK,3594.0,10
831,Ag(T+D)@sg,1522423320000,2018-03-30 23:22:00.000000,LIMIT,BID,3594.0,10
832,Ag(T+D)@sg,1522423330000,2018-03-30 23:22:10.000000,LIMIT,BID,3594.0,10
833,Ag(T+D)@sg,1522423340000,2018-03-30 23:22:20.000000,LIMIT,BID,3594.0,10
834,Ag(T+D)@sg,1522423350000,2018-03-30 23:22:30.000000,LIMIT,BID,3594.0,10
835,Ag(T+D)@sg,1522423360000,2018-03-30 23:22:40.000000,LIMIT,BID,3594.0,10
836,Ag(T+D)@sg,1522423370000,2018-03-30 23:22:50.000000,LIMIT,BID,3594.0,10
837,Ag(T+D)@sg,1522423380000,2018-03-30 23:23:00.000000,LIMIT,BID,3594.0,10
838,Ag(T+D)@sg,1522423390000,2018-03-30 23:23:10.000000,LIMIT,BID,3594.0,10
839,Ag(T+D)@sg,1522423400000,2018-03-30 23:23:20.000000,LIMIT,BID,3594.0,10
840,Ag(T+D)@sg,1522423410000,2018-03-30 23:23:30.000000,LIMIT,BID,3594.0,10
841,Ag(T+D)@sg,1522423420000,2018-03-30 23:23:40.000000,LIMIT,BID,3594.0,10
842,Ag(T+D)@sg,1522423430000,2018-03-30 23:23:50.000000,LIMIT,BID,3594.0,10
843,Ag(T+D)@sg,1522423440000,2018-03-30 23:24:00.000000,LIMIT,BID,3594.0,10
844,Ag(T+D)@sg,1522423450000,2018-03-30 23:24:10.000000,LIMIT,ASK,3595.0,10
845,Ag(T+D)@sg,1522423460000,2018-03-30 23:24:20.000000,LIMIT,ASK,3595.0,10
846,Ag(T+D)@sg,1522423470000,2018-03-30 23:24:30.000000,LIMIT,ASK,3595.0,10
847,Ag(T+D)@sg,1522423480000,2018-03-30 23:24:40.000000,LIMIT,ASK,3595.0,10
848,Ag(T+D)@sg,1522423490000,2018-03-30 23:24:50.000000,LIMIT,ASK,3595.0,10
849,Ag(T+D)@sg,1522423500000,2018-03-30 23:25:00.000000,LIMIT,ASK,3595.0,10
850,Ag(T+D)@sg,1522423510000,2018-03-30 23:25:10.000000,LIMIT,ASK,3595.0,10
851,Ag(T+D)@sg,1522423520000,2018-03-30 23:25:20.000000,LIMIT,ASK,3595.0,10
852,Ag(T+D)@sg,1522423530000,2018-03-30 23:25:30.000000,LIMIT,ASK,3595.0,10
853,Ag(T+D)@sg,1522423540000,2018-03-30 23:25:40.000000,LIMIT,ASK,3595.0,10
854,Ag(T+D)@sg,1522423550000,2018-03-30 23:25:50.000000,LIMIT,ASK,3595.0,10
855,Ag(T+D)@sg,1522423560000,2018-03-30 23:26:00.000000,LIMIT,ASK,3595.0,10
856,Ag(T+D)@sg,1522423570000,2018-03-30 23:26:10.000000,LIMIT,ASK,3595.0,10
857,Ag(T+D)@sg,1522423580000,2018-03-30 23:26:20.000000,LIMIT,ASK,3595.0,10
858,Ag(T+D)@sg,1522423590000,2018-03-30 23:26:30.000000,LIMIT,ASK,3595.0,10
859,Ag(T+D)@sg,1522423600000,2018-03-30 23:26:40.000000,LIMIT,ASK,3595.0,10
860,Ag(T+D)@sg,1522423610000,2018-03-30 23:26:50.000000,LIMIT,ASK,3595.0,10
861,Ag(T+D)@sg,1522423620000,2018-03-30 23:27:00.000000,LIMIT,ASK,3595.0,10
862,Ag(T+D)@sg,1522423630000,2018-03-30 23:27:10.000000,LIMIT,ASK,3595.0,10
863,Ag(T+D)@sg,1522423640000,2018-03-30 23:27:20.000000,LIMIT,ASK,3595.0,10
864,Ag(T+D)@sg,1522423650000,2018-03-30 23:27:30.000000,LIMIT,ASK,3595.0,10
865,Ag(T+D)@sg,1522423660000,2018-03-30 23:27:40.000000,LIMIT,ASK,3595.0,10
866,Ag(T+D)@sg,1522423670000,2018-03-30 23:27:50.000000,LIMIT,ASK,3596.0,10
867,Ag(T+D)@sg,1522423680000,2018-03-30 23:28:00.000000,LIMIT,BID,3595.0,10
868,Ag(T+D)@sg,1522423690000,2018-03-30 23:28:10.000000,LIMIT,BID,3595.0,10
869,Ag(T+D)@sg,1522423700000,2018-03-30 23:28:20.000000,LIMIT,BID,3595.0,10
870,Ag(T+D)@sg,1522423710000,2018-03-30 23:28:30.000000,LIMIT,BID,3595.0,10
871,Ag(T+D)@sg,1522423720000,2018-03-30 23:28:40.000000,LIMIT,BID,3595.0,10
872,Ag(T+D)@sg,1522423730000,2018-03-30 23:28:50.000000,LIMIT,BID,3595.0,10
873,Ag(T+D)@sg,1522423740000,2018-03-30 23:29:00.000000,LIMIT,BID,3596.0,10
874,Ag(T+D)@sg,1522423750000,2018-03-30 23:29:10.000000,LIMIT,BID,3596.0,10
875,Ag(T+D)@sg,1522423760000,2018-03-30 23:29:20.000000,LIMIT,BID,3596.0,10
876,Ag(T+D)@sg,1522423767000,2018-03-30 23:29:27.000000,LIMIT,BID,3597.00005,10
877,Ag(T+D)@sg,1522423775000,2018-03-30 23:29:35.000000,LIMIT,BID,3596.0,10
878,Ag(T+D)@sg,1522423785000,2018-03-30 23:29:45.000000,LIMIT,BID,3597.0,10
879,Ag(T+D)@sg,1522423795000,2018-03-30 23:29:55.000000,LIMIT,BID,3598.0,10
880,Ag(T+D)@sg,1522423805000,2018-03-30 23:30:05.000000,LIMIT,BID,3598.0,10
881,Ag(T+D)@sg,1522423815000,2018-03-30 23:30:15.000000,LIMIT,BID,3599.0,10
882,Ag(T+D)@sg,1522423825000,2018-03-30 23:30:25.000000,LIMIT,BID,3603.0,10
883,Ag(T+D)@sg,1522423835000,2018-03-30 23:30:35.000000,LIMIT,BID,3603.0,10
884,Ag(T+D)@sg,1522423845000,2018-03-30 23:30:45.000000,LIMIT,BID,3603.0,10
885,Ag(T+D)@sg,1522423855000,2018-03-30 23:30:55.000000,LIMIT,BID,3603.0,10
886,Ag(T+D)@sg,1522423864000,2018-03-30 23:31:04.000000,LIMIT,BID,3604.00005,10
887,Ag(T+D)@sg,1522423870000,2018-03-30 23:31:10.000000,LIMIT,BID,3603.0,10
888,Ag(T+D)@sg,1522423880000,2018-03-30 23:31:20.000000,LIMIT,BID,3604.0,10
889,Ag(T+D)@sg,1522423890000,2018-03-30 23:31:30.000000,LIMIT,BID,3603.0,10
890,Ag(T+D)@sg,1522423900000,2018-03-30 23:31:40.000000,LIMIT,BID,3603.0,10
891,Ag(T+D)@sg,1522423910000,2018-03-30 23:31:50.000000,LIMIT,BID,3603.0,10
892,Ag(T+D)@sg,1522423920000,2018-03-30 23:32:00.000000,LIMIT,BID,3602.0,10
893,Ag(T+D)@sg,1522423930000,2018-03-30 23:32:10.000000,LIMIT,ASK,3603.0,10
894,Ag(T+D)@sg,1522423940000,2018-03-30 23:32:20.000000,LIMIT,ASK,3603.0,10
895,Ag(T+D)@sg,1522423950000,2018-03-30 23:32:30.000000,LIMIT,ASK,3602.0,10
896,Ag(T+D)@sg,1522423960000,2018-03-30 23:32:40.000000,LIMIT,ASK,3602.0,10
897,Ag(T+D)@sg,1522423970000,2018-03-30 23:32:50.000000,LIMIT,ASK,3602.0,10
898,Ag(T+D)@sg,1522423980000,2018-03-30 23:33:00.000000,LIMIT,ASK,3602.0,10
899,Ag(T+D)@sg,1522423990000,2018-03-30 23:33:10.000000,LIMIT,ASK,3602.0,10
900,Ag(T+D)@sg,1522424000000,2018-03-30 23:33:20.000000,LIMIT,ASK,3602.0,10
901,Ag(T+D)@sg,1522424010000,2018-03-30 23:33:30.000000,LIMIT,ASK,3602.0,10
902,Ag(T+D)@sg,1522424020000,2018-03-30 23:33:40.000000,LIMIT,ASK,3602.0,10
903,Ag(T+D)@sg,1522424030000,2018-03-30 23:33:50.000000,LIMIT,ASK,3602.0,10
904,Ag(T+D)@sg,1522424040000,2018-03-30 23:34:00.000000,LIMIT,ASK,3602.0,10
905,Ag(T+D)@sg,1522424050000,2018-03-30 23:34:10.000000,LIMIT,ASK,3602.0,10
906,Ag(T+D)@sg,1522424060000,2018-03-30 23:34:20.000000,LIMIT,ASK,3602.0,10
907,Ag(T+D)@sg,1522424070000,2018-03-30 23:34:30.000000,LIMIT,ASK,3602.0,10
908,Ag(T+D)@sg,1522424080000,2018-03-30 23:34:40.000000,LIMIT,ASK,3602.0,10
909,Ag(T+D)@sg,1522424090000,2018-03-30 23:34:50.000000,LIMIT,ASK,3602.0,10
910,Ag(T+D)@sg,1522424100000,2018-03-30 23:35:00.000000,LIMIT,ASK,3602.0,10
911,Ag(T+D)@sg,1522424110000,2018-03-30 23:35:10.000000,LIMIT,ASK,3602.0,10
912,Ag(T+D)@sg,1522424120000,2018-03-30 23:35:20.000000,LIMIT,ASK,3602.0,10
913,Ag(T+D)@sg,1522424130000,2018-03-30 23:35:30.000000,LIMIT,ASK,3602.0,10
914,Ag(T+D)@sg,1522424140000,2018-03-30 23:35:40.000000,LIMIT,ASK,3603.0,10
915,Ag(T+D)@sg,1522424150000,2018-03-30 23:35:50.000000,LIMIT,ASK,3603.0,10
916,Ag(T+D)@sg,1522424160000,2018-03-30 23:36:00.000000,LIMIT,ASK,3603.0,10
917,Ag(T+D)@sg,1522424170000,2018-03-30 23:36:10.000000,LIMIT,ASK,3603.0,10
918,Ag(T+D)@sg,1522424180000,2018-03-30 23:36:20.000000,LIMIT,ASK,3603.0,10
919,Ag(T+D)@sg,1522424190000,2018-03-30 23:36:30.000000,LIMIT,BID,3601.0,10
920,Ag(T+D)@sg,1522424196000,2018-03-30 23:36:36.000000,LIMIT,BID,3602.00005,10
921,Ag(T+D)@sg,1522424205000,2018-03-30 23:36:45.000000,LIMIT,BID,3601.0,10
922,Ag(T+D)@sg,1522424215000,2018-03-30 23:36:55.000000,LIMIT,BID,3601.0,10
923,Ag(T+D)@sg,1522424225000,2018-03-30 23:37:05.000000,LIMIT,ASK,3602.0,10
924,Ag(T+D)@sg,1522424235000,2018-03-30 23:37:15.000000,LIMIT,ASK,3602.0,10
925,Ag(T+D)@sg,1522424245000,2018-03-30 23:37:25.000000,LIMIT,ASK,3602.0,10
926,Ag(T+D)@sg,1522424255000,2018-03-30 23:37:35.000000,LIMIT,ASK,3602.0,10
927,Ag(T+D)@sg,1522424265000,2018-03-30 23:37:45.000000,LIMIT,ASK,3602.0,10
928,Ag(T+D)@sg,1522424275000,2018-03-30 23:37:55.000000,LIMIT,ASK,3602.0,10
929,Ag(T+D)@sg,1522424320000,2018-03-30 23:38:40.000000,LIMIT,BID,3602.0,10
930,Ag(T+D)@sg,1522424330000,2018-03-30 23:38:50.000000,LIMIT,BID,3602.0,10
931,Ag(T+D)@sg,1522424355000,2018-03-30 23:39:15.000000,LIMIT,ASK,3603.0,10
932,Ag(T+D)@sg,1522424370000,2018-03-30 23:39:30.000000,LIMIT,BID,3602.0,10
933,Ag(T+D)@sg,1522424380000,2018-03-30 23:39:40.000000,LIMIT,BID,3602.0,10
934,Ag(T+D)@sg,1522424390000,2018-03-30 23:39:50.000000,LIMIT,BID,3602.0,10
935,Ag(T+D)@sg,1522424400000,2018-03-30 23:40:00.000000,LIMIT,BID,3602.00005,10
936,Ag(T+D)@sg,1522424405000,2018-03-30 23:40:05.000000,LIMIT,BID,3601.0,10
937,Ag(T+D)@sg,1522424415000,2018-03-30 23:40:15.000000,LIMIT,BID,3601.0,10
938,Ag(T+D)@sg,1522424430000,2018-03-30 23:40:30.000000,LIMIT,ASK,3602.0,10
939,Ag(T+D)@sg,1522424440000,2018-03-30 23:40:40.000000,LIMIT,ASK,3602.0,10
940,Ag(T+D)@sg,1522424450000,2018-03-30 23:40:50.000000,LIMIT,ASK,3602.0,10
941,Ag(T+D)@sg,1522424460000,2018-03-30 23:41:00.000000,LIMIT,ASK,3602.0,10
942,Ag(T+D)@sg,1522424470000,2018-03-30 23:41:10.000000,LIMIT,ASK,3602.0,10
943,Ag(T+D)@sg,1522424480000,2018-03-30 23:41:20.000000,LIMIT,ASK,3602.0,10
944,Ag(T+D)@sg,1522424490000,2018-03-30 23:41:30.000000,LIMIT,ASK,3602.0,10
945,Ag(T+D)@sg,1522424500000,2018-03-30 23:41:40.000000,LIMIT,ASK,3602.0,10
946,Ag(T+D)@sg,1522424510000,2018-03-30 23:41:50.000000,LIMIT,ASK,3602.0,10
947,Ag(T+D)@sg,1522424520000,2018-03-30 23:42:00.000000,LIMIT,ASK,3602.0,10
948,Ag(T+D)@sg,1522424530000,2018-03-30 23:42:10.000000,LIMIT,ASK,3602.0,10
949,Ag(T+D)@sg,1522424540000,2018-03-30 23:42:20.000000,LIMIT,ASK,3602.0,10
950,Ag(T+D)@sg,1522424550000,2018-03-30 23:42:30.000000,LIMIT,ASK,3602.0,10
951,Ag(T+D)@sg,1522424560000,2018-03-30 23:42:40.000000,LIMIT,ASK,3601.0,10
952,Ag(T+D)@sg,1522424570000,2018-03-30 23:42:50.000000,LIMIT,ASK,3601.0,10
953,Ag(T+D)@sg,1522424580000,2018-03-30 23:43:00.000000,LIMIT,ASK,3601.0,10
954,Ag(T+D)@sg,1522424590000,2018-03-30 23:43:10.000000,LIMIT,ASK,3601.0,10
955,Ag(T+D)@sg,1522424600000,2018-03-30 23:43:20.000000,LIMIT,ASK,3601.0,10
956,Ag(T+D)@sg,1522424610000,2018-03-30 23:43:30.000000,LIMIT,ASK,3601.0,10
957,Ag(T+D)@sg,1522424620000,2018-03-30 23:43:40.000000,LIMIT,ASK,3601.0,10
958,Ag(T+D)@sg,1522424630000,2018-03-30 23:43:50.000000,LIMIT,ASK,3601.0,10
959,Ag(T+D)@sg,1522424637000,2018-03-30 23:43:57.000000,LIMIT,ASK,3600.99995,10
960,Ag(T+D)@sg,1522424645000,2018-03-30 23:44:05.000000,LIMIT,ASK,3602.0,10
961,Ag(T+D)@sg,1522424655000,2018-03-30 23:44:15.000000,LIMIT,ASK,3602.0,10
962,Ag(T+D)@sg,1522424665000,2018-03-30 23:44:25.000000,LIMIT,ASK,3602.0,10
963,Ag(T+D)@sg,1522424675000,2018-03-30 23:44:35.000000,LIMIT,ASK,3602.0,10
964,Ag(T+D)@sg,1522424685000,2018-03-30 23:44:45.000000,LIMIT,ASK,3602.0,10
965,Ag(T+D)@sg,1522424695000,2018-03-30 23:44:55.000000,LIMIT,ASK,3602.0,10
966,Ag(T+D)@sg,1522424705000,2018-03-30 23:45:05.000000,LIMIT,ASK,3602.0,10
967,Ag(T+D)@sg,1522424740000,2018-03-30 23:45:40.000000,LIMIT,BID,3601.0,10
968,Ag(T+D)@sg,1522424747000,2018-03-30 23:45:47.000000,LIMIT,BID,3601.00005,10
969,Ag(T+D)@sg,1522424755000,2018-03-30 23:45:55.000000,LIMIT,ASK,3601.0,10
970,Ag(T+D)@sg,1522424765000,2018-03-30 23:46:05.000000,LIMIT,ASK,3601.0,10
971,Ag(T+D)@sg,1522424775000,2018-03-30 23:46:15.000000,LIMIT,ASK,3601.0,10
972,Ag(T+D)@sg,1522424785000,2018-03-30 23:46:25.000000,LIMIT,BID,3600.0,10
973,Ag(T+D)@sg,1522424795000,2018-03-30 23:46:35.000000,LIMIT,BID,3600.0,10
974,Ag(T+D)@sg,1522424805000,2018-03-30 23:46:45.000000,LIMIT,BID,3600.0,10
975,Ag(T+D)@sg,1522424815000,2018-03-30 23:46:55.000000,LIMIT,BID,3600.0,10
976,Ag(T+D)@sg,1522424825000,2018-03-30 23:47:05.000000,LIMIT,ASK,3601.0,10
977,Ag(T+D)@sg,1522424835000,2018-03-30 23:47:15.000000,LIMIT,ASK,3601.0,10
978,Ag(T+D)@sg,1522424845000,2018-03-30 23:47:25.000000,LIMIT,ASK,3601.0,10
979,Ag(T+D)@sg,1522424855000,2018-03-30 23:47:35.000000,LIMIT,ASK,3601.0,10
980,Ag(T+D)@sg,1522424865000,2018-03-30 23:47:45.000000,LIMIT,ASK,3601.0,10
981,Ag(T+D)@sg,1522424875000,2018-03-30 23:47:55.000000,LIMIT,ASK,3601.0,10
982,Ag(T+D)@sg,1522424885000,2018-03-30 23:48:05.000000,LIMIT,ASK,3601.0,10
983,Ag(T+D)@sg,1522424895000,2018-03-30 23:48:15.000000,LIMIT,ASK,3601.0,10
984,Ag(T+D)@sg,1522424905000,2018-03-30 23:48:25.000000,LIMIT,ASK,3601.0,10
985,Ag(T+D)@sg,1522424915000,2018-03-30 23:48:35.000000,LIMIT,ASK,3601.0,10
986,Ag(T+D)@sg,1522424925000,2018-03-30 23:48:45.000000,LIMIT,ASK,3601.0,10
987,Ag(T+D)@sg,1522424935000,2018-03-30 23:48:55.000000,LIMIT,ASK,3601.0,10
988,Ag(T+D)@sg,1522424945000,2018-03-30 23:49:05.000000,LIMIT,ASK,3601.0,10
989,Ag(T+D)@sg,1522424955000,2018-03-30 23:49:15.000000,LIMIT,ASK,3601.0,10
990,Ag(T+D)@sg,1522424965000,2018-03-30 23:49:25.000000,LIMIT,ASK,3601.0,10
991,Ag(T+D)@sg,1522424975000,2018-03-30 23:49:35.000000,LIMIT,ASK,3601.0,10
992,Ag(T+D)@sg,1522424985000,2018-03-30 23:49:45.000000,LIMIT,ASK,3601.0,10
993,Ag(T+D)@sg,1522424995000,2018-03-30 23:49:55.000000,LIMIT,ASK,3601.0,10
994,Ag(T+D)@sg,1522425005000,2018-03-30 23:50:05.000000,LIMIT,ASK,3601.0,10
995,Ag(T+D)@sg,1522425015000,2018-03-30 23:50:15.000000,LIMIT,ASK,3601.0,10
996,Ag(T+D)@sg,1522425120000,2018-03-30 23:52:00.000000,LIMIT,BID,3601.0,10
997,Ag(T+D)@sg,1522425130000,2018-03-30 23:52:10.000000,LIMIT,BID,3601.0,10
998,Ag(T+D)@sg,1522425140000,2018-03-30 23:52:20.000000,LIMIT,BID,3601.0,10
999,Ag(T+D)@sg,1522425150000,2018-03-30 23:52:30.000000,LIMIT,BID,3601.0,10
1000,Ag(T+D)@sg,1522425160000,2018-03-30 23:52:40.000000,LIMIT,BID,3601.0,10
1001,Ag(T+D)@sg,1522425170000,2018-03-30 23:52:50.000000,LIMIT,BID,3601.0,10
1002,Ag(T+D)@sg,1522425180000,2018-03-30 23:53:00.000000,LIMIT,BID,3601.0,10
1003,Ag(T+D)@sg,1522425190000,2018-03-30 23:53:10.000000,LIMIT,BID,3601.0,10
1004,Ag(T+D)@sg,1522425198000,2018-03-30 23:53:18.000000,LIMIT,BID,3601.00005,10
1005,Ag(T+D)@sg,1522425205000,2018-03-30 23:53:25.000000,LIMIT,BID,3600.0,10
1006,Ag(T+D)@sg,1522425215000,2018-03-30 23:53:35.000000,LIMIT,BID,3600.0,10
1007,Ag(T+D)@sg,1522425225000,2018-03-30 23:53:45.000000,LIMIT,ASK,3602.0,10
1008,Ag(T+D)@sg,1522425232000,2018-03-30 23:53:52.000000,LIMIT,BID,3601.00005,10
1009,Ag(T+D)@sg,1522425240000,2018-03-30 23:54:00.000000,LIMIT,BID,3600.0,10
1010,Ag(T+D)@sg,1522425250000,2018-03-30 23:54:10.000000,LIMIT,BID,3600.0,10
1011,Ag(T+D)@sg,1522425290000,2018-03-30 23:54:50.000000,LIMIT,ASK,3601.0,10
1012,Ag(T+D)@sg,1522425298000,2018-03-30 23:54:58.000000,LIMIT,ASK,3600.99995,10
1013,Ag(T+D)@sg,1522425305000,2018-03-30 23:55:05.000000,LIMIT,ASK,3602.0,10
1014,Ag(T+D)@sg,1522425315000,2018-03-30 23:55:15.000000,LIMIT,ASK,3602.0,10
1015,Ag(T+D)@sg,1522425325000,2018-03-30 23:55:25.000000,LIMIT,ASK,3602.0,10
1016,Ag(T+D)@sg,1522425335000,2018-03-30 23:55:35.000000,LIMIT,ASK,3602.0,10
1017,Ag(T+D)@sg,1522425345000,2018-03-30 23:55:45.000000,LIMIT,ASK,3602.0,10
1018,Ag(T+D)@sg,1522425355000,2018-03-30 23:55:55.000000,LIMIT,ASK,3602.0,10
1019,Ag(T+D)@sg,1522425365000,2018-03-30 23:56:05.000000,LIMIT,ASK,3602.0,10
1020,Ag(T+D)@sg,1522425375000,2018-03-30 23:56:15.000000,LIMIT,BID,3601.0,10
1021,Ag(T+D)@sg,1522425385000,2018-03-30 23:56:25.000000,LIMIT,BID,3602.0,10
1022,Ag(T+D)@sg,1522425395000,2018-03-30 23:56:35.000000,LIMIT,BID,3602.0,10
1023,Ag(T+D)@sg,1522425405000,2018-03-30 23:56:45.000000,LIMIT,BID,3602.0,10
1024,Ag(T+D)@sg,1522425415000,2018-03-30 23:56:55.000000,LIMIT,BID,3602.0,10
1025,Ag(T+D)@sg,1522425425000,2018-03-30 23:57:05.000000,LIMIT,BID,3602.0,10
1026,Ag(T+D)@sg,1522425435000,2018-03-30 23:57:15.000000,LIMIT,BID,3602.0,10
1027,Ag(T+D)@sg,1522425445000,2018-03-30 23:57:25.000000,LIMIT,BID,3602.0,10
1028,Ag(T+D)@sg,1522425455000,2018-03-30 23:57:35.000000,LIMIT,BID,3602.0,10
1029,Ag(T+D)@sg,1522425465000,2018-03-30 23:57:45.000000,LIMIT,BID,3602.0,10
1030,Ag(T+D)@sg,1522425475000,2018-03-30 23:57:55.000000,LIMIT,BID,3602.0,10
1031,Ag(T+D)@sg,1522425485000,2018-03-30 23:58:05.000000,LIMIT,BID,3602.0,10
1032,Ag(T+D)@sg,1522425495000,2018-03-30 23:58:15.000000,LIMIT,ASK,3603.0,10
1033,Ag(T+D)@sg,1522425505000,2018-03-30 23:58:25.000000,LIMIT,ASK,3603.0,10
1034,Ag(T+D)@sg,1522425515000,2018-03-30 23:58:35.000000,LIMIT,ASK,3603.0,10
1035,Ag(T+D)@sg,1522425525000,2018-03-30 23:58:45.000000,LIMIT,ASK,3603.0,10
1036,Ag(T+D)@sg,1522425535000,2018-03-30 23:58:55.000000,LIMIT,ASK,3603.0,10
1037,Ag(T+D)@sg,1522425545000,2018-03-30 23:59:05.000000,LIMIT,ASK,3603.0,10
1038,Ag(T+D)@sg,1522425555000,2018-03-30 23:59:15.000000,LIMIT,ASK,3603.0,10
1039,Ag(T+D)@sg,1522425565000,2018-03-30 23:59:25.000000,LIMIT,ASK,3603.0,10
1040,Ag(T+D)@sg,1522425575000,2018-03-30 23:59:35.000000,LIMIT,ASK,3603.0,10
1041,Ag(T+D)@sg,1522425585000,2018-03-30 23:59:45.000000,LIMIT,ASK,3603.0,10
1042,Ag(T+D)@sg,1522425595000,2018-03-30 23:59:55.000000,LIMIT,ASK,3603.0,10
1043,Ag(T+D)@sg,1522425605000,2018-03-31 00:00:05.000000,LIMIT,ASK,3603.0,10
1044,Ag(T+D)@sg,1522425615000,2018-03-31 00:00:15.000000,LIMIT,ASK,3603.0,10
1045,Ag(T+D)@sg,1522425625000,2018-03-31 00:00:25.000000,LIMIT,ASK,3603.0,10
1046,Ag(T+D)@sg,1522425635000,2018-03-31 00:00:35.000000,LIMIT,ASK,3603.0,10
1047,Ag(T+D)@sg,1522425645000,2018-03-31 00:00:45.000000,LIMIT,ASK,3603.0,10
1048,Ag(T+D)@sg,1522425815000,2018-03-31 00:03:35.000000,LIMIT,BID,3603.0,10
1049,Ag(T+D)@sg,1522425825000,2018-03-31 00:03:45.000000,LIMIT,BID,3603.0,10
1050,Ag(T+D)@sg,1522425835000,2018-03-31 00:03:55.000000,LIMIT,BID,3603.0,10
1051,Ag(T+D)@sg,1522425845000,2018-03-31 00:04:05.000000,LIMIT,BID,3603.0,10
1052,Ag(T+D)@sg,1522425855000,2018-03-31 00:04:15.000000,LIMIT,BID,3603.0,10
1053,Ag(T+D)@sg,1522425865000,2018-03-31 00:04:25.000000,LIMIT,BID,3603.0,10
1054,Ag(T+D)@sg,1522425875000,2018-03-31 00:04:35.000000,LIMIT,BID,3603.0,10
1055,Ag(T+D)@sg,1522425885000,2018-03-31 00:04:45.000000,LIMIT,BID,3603.0,10
1056,Ag(T+D)@sg,1522425895000,2018-03-31 00:04:55.000000,LIMIT,BID,3603.0,10
1057,Ag(T+D)@sg,1522425905000,2018-03-31 00:05:05.000000,LIMIT,BID,3603.0,10
1058,Ag(T+D)@sg,1522425915000,2018-03-31 00:05:15.000000,LIMIT,BID,3603.0,10
1059,Ag(T+D)@sg,1522425940000,2018-03-31 00:05:40.000000,LIMIT,BID,3603.0,10
1060,Ag(T+D)@sg,1522425950000,2018-03-31 00:05:50.000000,LIMIT,BID,3603.0,10
1061,Ag(T+D)@sg,1522425960000,2018-03-31 00:06:00.000000,LIMIT,BID,3603.0,10
1062,Ag(T+D)@sg,1522425970000,2018-03-31 00:06:10.000000,LIMIT,BID,3603.0,10
1063,Ag(T+D)@sg,1522425980000,2018-03-31 00:06:20.000000,LIMIT,BID,3603.0,10
1064,Ag(T+D)@sg,1522425990000,2018-03-31 00:06:30.000000,LIMIT,ASK,3604.0,10
1065,Ag(T+D)@sg,1522426000000,2018-03-31 00:06:40.000000,LIMIT,ASK,3604.0,10
1066,Ag(T+D)@sg,1522426010000,2018-03-31 00:06:50.000000,LIMIT,ASK,3604.0,10
1067,Ag(T+D)@sg,1522426020000,2018-03-31 00:07:00.000000,LIMIT,ASK,3604.0,10
1068,Ag(T+D)@sg,1522426030000,2018-03-31 00:07:10.000000,LIMIT,ASK,3604.0,10
1069,Ag(T+D)@sg,1522426040000,2018-03-31 00:07:20.000000,LIMIT,ASK,3604.0,10
1070,Ag(T+D)@sg,1522426050000,2018-03-31 00:07:30.000000,LIMIT,ASK,3604.0,10
1071,Ag(T+D)@sg,1522426070000,2018-03-31 00:07:50.000000,LIMIT,BID,3602.0,10
1072,Ag(T+D)@sg,1522426080000,2018-03-31 00:08:00.000000,LIMIT,BID,3602.0,10
1073,Ag(T+D)@sg,1522426090000,2018-03-31 00:08:10.000000,LIMIT,BID,3602.0,10
1074,Ag(T+D)@sg,1522426100000,2018-03-31 00:08:20.000000,LIMIT,BID,3602.0,10
1075,Ag(T+D)@sg,1522426110000,2018-03-31 00:08:30.000000,LIMIT,BID,3602.0,10
1076,Ag(T+D)@sg,1522426120000,2018-03-31 00:08:40.000000,LIMIT,BID,3602.0,10
1077,Ag(T+D)@sg,1522426130000,2018-03-31 00:08:50.000000,LIMIT,BID,3602.0,10
1078,Ag(T+D)@sg,1522426140000,2018-03-31 00:09:00.000000,LIMIT,ASK,3603.0,10
1079,Ag(T+D)@sg,1522426150000,2018-03-31 00:09:10.000000,LIMIT,ASK,3603.0,10
1080,Ag(T+D)@sg,1522426160000,2018-03-31 00:09:20.000000,LIMIT,ASK,3603.0,10
1081,Ag(T+D)@sg,1522426170000,2018-03-31 00:09:30.000000,LIMIT,ASK,3603.0,10
1082,Ag(T+D)@sg,1522426180000,2018-03-31 00:09:40.000000,LIMIT,ASK,3603.0,10
1083,Ag(T+D)@sg,1522426190000,2018-03-31 00:09:50.000000,LIMIT,ASK,3603.0,10
1084,Ag(T+D)@sg,1522426200000,2018-03-31 00:10:00.000000,LIMIT,ASK,3603.0,10
1085,Ag(T+D)@sg,1522426210000,2018-03-31 00:10:10.000000,LIMIT,ASK,3603.0,10
1086,Ag(T+D)@sg,1522426220000,2018-03-31 00:10:20.000000,LIMIT,ASK,3603.0,10
1087,Ag(T+D)@sg,1522426230000,2018-03-31 00:10:30.000000,LIMIT,ASK,3603.0,10
1088,Ag(T+D)@sg,1522426240000,2018-03-31 00:10:40.000000,LIMIT,ASK,3603.0,10
1089,Ag(T+D)@sg,1522426250000,2018-03-31 00:10:50.000000,LIMIT,ASK,3603.0,10
1090,Ag(T+D)@sg,1522426260000,2018-03-31 00:11:00.000000,LIMIT,ASK,3603.0,10
1091,Ag(T+D)@sg,1522426270000,2018-03-31 00:11:10.000000,LIMIT,ASK,3603.0,10
1092,Ag(T+D)@sg,1522426280000,2018-03-31 00:11:20.000000,LIMIT,ASK,3603.0,10
1093,Ag(T+D)@sg,1522426290000,2018-03-31 00:11:30.000000,LIMIT,ASK,3603.0,10
1094,Ag(T+D)@sg,1522426300000,2018-03-31 00:11:40.000000,LIMIT,ASK,3603.0,10
1095,Ag(T+D)@sg,1522426310000,2018-03-31 00:11:50.000000,LIMIT,ASK,3603.0,10
1096,Ag(T+D)@sg,1522426320000,2018-03-31 00:12:00.000000,LIMIT,BID,3602.0,10
1097,Ag(T+D)@sg,1522426330000,2018-03-31 00:12:10.000000,LIMIT,BID,3602.0,10
1098,Ag(T+D)@sg,1522426340000,2018-03-31 00:12:20.000000,LIMIT,BID,3602.0,10
1099,Ag(T+D)@sg,1522426350000,2018-03-31 00:12:30.000000,LIMIT,BID,3602.0,10
1100,Ag(T+D)@sg,1522426360000,2018-03-31 00:12:40.000000,LIMIT,BID,3602.0,10
1101,Ag(T+D)@sg,1522426368000,2018-03-31 00:12:48.000000,LIMIT,BID,3602.00005,10
1102,Ag(T+D)@sg,1522426375000,2018-03-31 00:12:55.000000,LIMIT,BID,3601.0,10
1103,Ag(T+D)@sg,1522426385000,2018-03-31 00:13:05.000000,LIMIT,BID,3601.0,10
1104,Ag(T+D)@sg,1522426395000,2018-03-31 00:13:15.000000,LIMIT,BID,3601.0,10
1105,Ag(T+D)@sg,1522426405000,2018-03-31 00:13:25.000000,LIMIT,BID,3602.0,10
1106,Ag(T+D)@sg,1522426415000,2018-03-31 00:13:35.000000,LIMIT,BID,3602.0,10
1107,Ag(T+D)@sg,1522426425000,2018-03-31 00:13:45.000000,LIMIT,BID,3602.0,10
1108,Ag(T+D)@sg,1522426435000,2018-03-31 00:13:55.000000,LIMIT,BID,3601.0,10
1109,Ag(T+D)@sg,1522426445000,2018-03-31 00:14:05.000000,LIMIT,BID,3601.0,10
1110,Ag(T+D)@sg,1522426455000,2018-03-31 00:14:15.000000,LIMIT,BID,3601.0,10
1111,Ag(T+D)@sg,1522426465000,2018-03-31 00:14:25.000000,LIMIT,BID,3601.0,10
1112,Ag(T+D)@sg,1522426475000,2018-03-31 00:14:35.000000,LIMIT,ASK,3602.0,10
1113,Ag(T+D)@sg,1522426485000,2018-03-31 00:14:45.000000,LIMIT,ASK,3602.0,10
1114,Ag(T+D)@sg,1522426491000,2018-03-31 00:14:51.000000,LIMIT,ASK,3601.99995,10
1115,Ag(T+D)@sg,1522426500000,2018-03-31 00:15:00.000000,LIMIT,ASK,3603.0,10
1116,Ag(T+D)@sg,1522426510000,2018-03-31 00:15:10.000000,LIMIT,ASK,3603.0,10
1117,Ag(T+D)@sg,1522426520000,2018-03-31 00:15:20.000000,LIMIT,ASK,3603.0,10
1118,Ag(T+D)@sg,1522426530000,2018-03-31 00:15:30.000000,LIMIT,ASK,3603.0,10
1119,Ag(T+D)@sg,1522426540000,2018-03-31 00:15:40.000000,LIMIT,ASK,3603.0,10
1120,Ag(T+D)@sg,1522426550000,2018-03-31 00:15:50.000000,LIMIT,ASK,3603.0,10
1121,Ag(T+D)@sg,1522426560000,2018-03-31 00:16:00.000000,LIMIT,ASK,3603.0,10
1122,Ag(T+D)@sg,1522426572000,2018-03-31 00:16:12.000000,LIMIT,BID,3602.00005,10
1123,Ag(T+D)@sg,1522426580000,2018-03-31 00:16:20.000000,LIMIT,BID,3601.0,10
1124,Ag(T+D)@sg,1522426590000,2018-03-31 00:16:30.000000,LIMIT,BID,3601.0,10
1125,Ag(T+D)@sg,1522426600000,2018-03-31 00:16:40.000000,LIMIT,ASK,3602.0,10
1126,Ag(T+D)@sg,1522426610000,2018-03-31 00:16:50.000000,LIMIT,ASK,3602.0,10
1127,Ag(T+D)@sg,1522426620000,2018-03-31 00:17:00.000000,LIMIT,ASK,3602.0,10
1128,Ag(T+D)@sg,1522426630000,2018-03-31 00:17:10.000000,LIMIT,ASK,3602.0,10
1129,Ag(T+D)@sg,1522426640000,2018-03-31 00:17:20.000000,LIMIT,ASK,3602.0,10
1130,Ag(T+D)@sg,1522426650000,2018-03-31 00:17:30.000000,LIMIT,ASK,3602.0,10
1131,Ag(T+D)@sg,1522426660000,2018-03-31 00:17:40.000000,LIMIT,ASK,3602.0,10
1132,Ag(T+D)@sg,1522426670000,2018-03-31 00:17:50.000000,LIMIT,ASK,3602.0,10
1133,Ag(T+D)@sg,1522426680000,2018-03-31 00:18:00.000000,LIMIT,ASK,3602.0,10
1134,Ag(T+D)@sg,1522426715000,2018-03-31 00:18:35.000000,LIMIT,ASK,3603.0,10
1135,Ag(T+D)@sg,1522426725000,2018-03-31 00:18:45.000000,LIMIT,ASK,3603.0,10
1136,Ag(T+D)@sg,1522426735000,2018-03-31 00:18:55.000000,LIMIT,ASK,3603.0,10
1137,Ag(T+D)@sg,1522426745000,2018-03-31 00:19:05.000000,LIMIT,ASK,3603.0,10
1138,Ag(T+D)@sg,1522426755000,2018-03-31 00:19:15.000000,LIMIT,ASK,3603.0,10
1139,Ag(T+D)@sg,1522426770000,2018-03-31 00:19:30.000000,LIMIT,BID,3602.0,10
1140,Ag(T+D)@sg,1522426780000,2018-03-31 00:19:40.000000,LIMIT,BID,3602.0,10
1141,Ag(T+D)@sg,1522426790000,2018-03-31 00:19:50.000000,LIMIT,BID,3602.0,10
1142,Ag(T+D)@sg,1522426800000,2018-03-31 00:20:00.000000,LIMIT,BID,3602.0,10
1143,Ag(T+D)@sg,1522426810000,2018-03-31 00:20:10.000000,LIMIT,BID,3602.0,10
1144,Ag(T+D)@sg,1522426820000,2018-03-31 00:20:20.000000,LIMIT,BID,3602.0,10
1145,Ag(T+D)@sg,1522426830000,2018-03-31 00:20:30.000000,LIMIT,ASK,3603.0,10
1146,Ag(T+D)@sg,1522426840000,2018-03-31 00:20:40.000000,LIMIT,ASK,3603.0,10
1147,Ag(T+D)@sg,1522426850000,2018-03-31 00:20:50.000000,LIMIT,ASK,3603.0,10
1148,Ag(T+D)@sg,1522426860000,2018-03-31 00:21:00.000000,LIMIT,ASK,3603.0,10
1149,Ag(T+D)@sg,1522426870000,2018-03-31 00:21:10.000000,LIMIT,ASK,3603.0,10
1150,Ag(T+D)@sg,1522426880000,2018-03-31 00:21:20.000000,LIMIT,ASK,3603.0,10
1151,Ag(T+D)@sg,1522426890000,2018-03-31 00:21:30.000000,LIMIT,ASK,3603.0,10
1152,Ag(T+D)@sg,1522426900000,2018-03-31 00:21:40.000000,LIMIT,ASK,3603.0,10
1153,Ag(T+D)@sg,1522426910000,2018-03-31 00:21:50.000000,LIMIT,ASK,3603.0,10
1154,Ag(T+D)@sg,1522426920000,2018-03-31 00:22:00.000000,LIMIT,ASK,3603.0,10
1155,Ag(T+D)@sg,1522426930000,2018-03-31 00:22:10.000000,LIMIT,ASK,3603.0,10
1156,Ag(T+D)@sg,1522426940000,2018-03-31 00:22:20.000000,LIMIT,ASK,3603.0,10
1157,Ag(T+D)@sg,1522426950000,2018-03-31 00:22:30.000000,LIMIT,ASK,3603.0,10
1158,Ag(T+D)@sg,1522426960000,2018-03-31 00:22:40.000000,LIMIT,ASK,3603.0,10
1159,Ag(T+D)@sg,1522426970000,2018-03-31 00:22:50.000000,LIMIT,ASK,3603.0,10
1160,Ag(T+D)@sg,1522426980000,2018-03-31 00:23:00.000000,LIMIT,ASK,3603.0,10
1161,Ag(T+D)@sg,1522426990000,2018-03-31 00:23:10.000000,LIMIT,ASK,3603.0,10
1162,Ag(T+D)@sg,1522427000000,2018-03-31 00:23:20.000000,LIMIT,ASK,3603.0,10
1163,Ag(T+D)@sg,1522427010000,2018-03-31 00:23:30.000000,LIMIT,ASK,3603.0,10
1164,Ag(T+D)@sg,1522427020000,2018-03-31 00:23:40.000000,LIMIT,ASK,3603.0,10
1165,Ag(T+D)@sg,1522427030000,2018-03-31 00:23:50.000000,LIMIT,ASK,3603.0,10
1166,Ag(T+D)@sg,1522427040000,2018-03-31 00:24:00.000000,LIMIT,ASK,3603.0,10
1167,Ag(T+D)@sg,1522427050000,2018-03-31 00:24:10.000000,LIMIT,ASK,3603.0,10
1168,Ag(T+D)@sg,1522427060000,2018-03-31 00:24:20.000000,LIMIT,ASK,3603.0,10
1169,Ag(T+D)@sg,1522427070000,2018-03-31 00:24:30.000000,LIMIT,ASK,3603.0,10
1170,Ag(T+D)@sg,1522427080000,2018-03-31 00:24:40.000000,LIMIT,ASK,3603.0,10
1171,Ag(T+D)@sg,1522427090000,2018-03-31 00:24:50.000000,LIMIT,ASK,3603.0,10
1172,Ag(T+D)@sg,1522427100000,2018-03-31 00:25:00.000000,LIMIT,ASK,3603.0,10
1173,Ag(T+D)@sg,1522427110000,2018-03-31 00:25:10.000000,LIMIT,ASK,3603.0,10
1174,Ag(T+D)@sg,1522427120000,2018-03-31 00:25:20.000000,LIMIT,ASK,3603.0,10
1175,Ag(T+D)@sg,1522427130000,2018-03-31 00:25:30.000000,LIMIT,ASK,3603.0,10
1176,Ag(T+D)@sg,1522427140000,2018-03-31 00:25:40.000000,LIMIT,ASK,3603.0,10
1177,Ag(T+D)@sg,1522427150000,2018-03-31 00:25:50.000000,LIMIT,ASK,3603.0,10
1178,Ag(T+D)@sg,1522427165000,2018-03-31 00:26:05.000000,LIMIT,ASK,3603.0,10
1179,Ag(T+D)@sg,1522427175000,2018-03-31 00:26:15.000000,LIMIT,ASK,3603.0,10
1180,Ag(T+D)@sg,1522427185000,2018-03-31 00:26:25.000000,LIMIT,ASK,3603.0,10
1181,Ag(T+D)@sg,1522427195000,2018-03-31 00:26:35.000000,LIMIT,ASK,3603.0,10
1182,Ag(T+D)@sg,1522427205000,2018-03-31 00:26:45.000000,LIMIT,ASK,3603.0,10
1183,Ag(T+D)@sg,1522427215000,2018-03-31 00:26:55.000000,LIMIT,ASK,3603.0,10
1184,Ag(T+D)@sg,1522427225000,2018-03-31 00:27:05.000000,LIMIT,ASK,3603.0,10
1185,Ag(T+D)@sg,1522427235000,2018-03-31 00:27:15.000000,LIMIT,ASK,3603.0,10
1186,Ag(T+D)@sg,1522428140000,2018-03-31 00:42:20.000000,LIMIT,BID,3603.0,10
1187,Ag(T+D)@sg,1522428150000,2018-03-31 00:42:30.000000,LIMIT,BID,3603.0,10
1188,Ag(T+D)@sg,1522428160000,2018-03-31 00:42:40.000000,LIMIT,BID,3603.0,10
1189,Ag(T+D)@sg,1522428170000,2018-03-31 00:42:50.000000,LIMIT,BID,3603.0,10
1190,Ag(T+D)@sg,1522428180000,2018-03-31 00:43:00.000000,LIMIT,BID,3603.0,10
1191,Ag(T+D)@sg,1522428190000,2018-03-31 00:43:10.000000,LIMIT,BID,3603.00005,10
1192,Ag(T+D)@sg,1522428195000,2018-03-31 00:43:15.000000,LIMIT,BID,3602.0,10
1193,Ag(T+D)@sg,1522428205000,2018-03-31 00:43:25.000000,LIMIT,BID,3602.0,10
1194,Ag(T+D)@sg,1522428275000,2018-03-31 00:44:35.000000,LIMIT,ASK,3603.0,10
1195,Ag(T+D)@sg,1522428285000,2018-03-31 00:44:45.000000,LIMIT,ASK,3603.0,10
1196,Ag(T+D)@sg,1522428292000,2018-03-31 00:44:52.000000,LIMIT,ASK,3602.99995,10
1197,Ag(T+D)@sg,1522428300000,2018-03-31 00:45:00.000000,LIMIT,ASK,3604.0,10
1198,Ag(T+D)@sg,1522428310000,2018-03-31 00:45:10.000000,LIMIT,ASK,3604.0,10
1199,Ag(T+D)@sg,1522428320000,2018-03-31 00:45:20.000000,LIMIT,ASK,3604.0,10
1200,Ag(T+D)@sg,1522428330000,2018-03-31 00:45:30.000000,LIMIT,ASK,3604.0,10
1201,Ag(T+D)@sg,1522428340000,2018-03-31 00:45:40.000000,LIMIT,ASK,3604.0,10
1202,Ag(T+D)@sg,1522428355000,2018-03-31 00:45:55.000000,LIMIT,BID,3603.0,10
1203,Ag(T+D)@sg,1522428365000,2018-03-31 00:46:05.000000,LIMIT,BID,3603.0,10
1204,Ag(T+D)@sg,1522428375000,2018-03-31 00:46:15.000000,LIMIT,BID,3603.0,10
1205,Ag(T+D)@sg,1522428385000,2018-03-31 00:46:25.000000,LIMIT,BID,3603.0,10
1206,Ag(T+D)@sg,1522428395000,2018-03-31 00:46:35.000000,LIMIT,BID,3603.0,10
1207,Ag(T+D)@sg,1522428405000,2018-03-31 00:46:45.000000,LIMIT,BID,3603.0,10
1208,Ag(T+D)@sg,1522428415000,2018-03-31 00:46:55.000000,LIMIT,BID,3603.0,10
1209,Ag(T+D)@sg,1522428425000,2018-03-31 00:47:05.000000,LIMIT,BID,3603.0,10
1210,Ag(T+D)@sg,1522428435000,2018-03-31 00:47:15.000000,LIMIT,BID,3603.0,10
1211,Ag(T+D)@sg,1522428445000,2018-03-31 00:47:25.000000,LIMIT,BID,3603.0,10
1212,Ag(T+D)@sg,1522428455000,2018-03-31 00:47:35.000000,LIMIT,ASK,3604.0,10
1213,Ag(T+D)@sg,1522428465000,2018-03-31 00:47:45.000000,LIMIT,ASK,3604.0,10
1214,Ag(T+D)@sg,1522428475000,2018-03-31 00:47:55.000000,LIMIT,ASK,3604.0,10
1215,Ag(T+D)@sg,1522428485000,2018-03-31 00:48:05.000000,LIMIT,ASK,3604.0,10
1216,Ag(T+D)@sg,1522428495000,2018-03-31 00:48:15.000000,LIMIT,ASK,3604.0,10
1217,Ag(T+D)@sg,1522428505000,2018-03-31 00:48:25.000000,LIMIT,ASK,3604.0,10
1218,Ag(T+D)@sg,1522428515000,2018-03-31 00:48:35.000000,LIMIT,ASK,3604.0,10
1219,Ag(T+D)@sg,1522428525000,2018-03-31 00:48:45.000000,LIMIT,ASK,3604.0,10
1220,Ag(T+D)@sg,1522428535000,2018-03-31 00:48:55.000000,LIMIT,ASK,3604.0,10
1221,Ag(T+D)@sg,1522428545000,2018-03-31 00:49:05.000000,LIMIT,ASK,3604.0,10
1222,Ag(T+D)@sg,1522428555000,2018-03-31 00:49:15.000000,LIMIT,ASK,3604.0,10
1223,Ag(T+D)@sg,1522429185000,2018-03-31 00:59:45.000000,LIMIT,BID,3602.0,10
1224,Ag(T+D)@sg,1522429195000,2018-03-31 00:59:55.000000,LIMIT,BID,3602.0,10
1225,Ag(T+D)@sg,1522429205000,2018-03-31 01:00:05.000000,LIMIT,BID,3602.0,10
1226,Ag(T+D)@sg,1522429215000,2018-03-31 01:00:15.000000,LIMIT,BID,3602.0,10
1227,Ag(T+D)@sg,1522429225000,2018-03-31 01:00:25.000000,LIMIT,BID,3602.0,10
1228,Ag(T+D)@sg,1522429235000,2018-03-31 01:00:35.000000,LIMIT,BID,3602.0,10
1229,Ag(T+D)@sg,1522429245000,2018-03-31 01:00:45.000000,LIMIT,BID,3602.0,10
1230,Ag(T+D)@sg,1522429255000,2018-03-31 01:00:55.000000,LIMIT,ASK,3603.0,10
1231,Ag(T+D)@sg,1522429264000,2018-03-31 01:01:04.000000,LIMIT,ASK,3602.99995,10
1232,Ag(T+D)@sg,1522429270000,2018-03-31 01:01:10.000000,LIMIT,ASK,3604.0,10
1233,Ag(T+D)@sg,1522429280000,2018-03-31 01:01:20.000000,LIMIT,ASK,3604.0,10
1234,Ag(T+D)@sg,1522429290000,2018-03-31 01:01:30.000000,LIMIT,ASK,3604.0,10
1235,Ag(T+D)@sg,1522429300000,2018-03-31 01:01:40.000000,LIMIT,ASK,3604.0,10
1236,Ag(T+D)@sg,1522429310000,2018-03-31 01:01:50.000000,LIMIT,ASK,3604.0,10
1237,Ag(T+D)@sg,1522429320000,2018-03-31 01:02:00.000000,LIMIT,ASK,3604.0,10
1238,Ag(T+D)@sg,1522429330000,2018-03-31 01:02:10.000000,LIMIT,ASK,3604.0,10
1239,Ag(T+D)@sg,1522429360000,2018-03-31 01:02:40.000000,LIMIT,BID,3603.0,10
1240,Ag(T+D)@sg,1522429370000,2018-03-31 01:02:50.000000,LIMIT,BID,3604.0,10
1241,Ag(T+D)@sg,1522429380000,2018-03-31 01:03:00.000000,LIMIT,BID,3604.0,10
1242,Ag(T+D)@sg,1522429390000,2018-03-31 01:03:10.000000,LIMIT,BID,3604.0,10
1243,Ag(T+D)@sg,1522429400000,2018-03-31 01:03:20.000000,LIMIT,BID,3604.0,10
1244,Ag(T+D)@sg,1522429410000,2018-03-31 01:03:30.000000,LIMIT,BID,3604.0,10
1245,Ag(T+D)@sg,1522429420000,2018-03-31 01:03:40.000000,LIMIT,BID,3604.0,10
1246,Ag(T+D)@sg,1522429430000,2018-03-31 01:03:50.000000,LIMIT,BID,3604.0,10
1247,Ag(T+D)@sg,1522429440000,2018-03-31 01:04:00.000000,LIMIT,ASK,3605.0,10
1248,Ag(T+D)@sg,1522429450000,2018-03-31 01:04:10.000000,LIMIT,ASK,3604.0,10
1249,Ag(T+D)@sg,1522429460000,2018-03-31 01:04:20.000000,LIMIT,ASK,3604.0,10
1250,Ag(T+D)@sg,1522429470000,2018-03-31 01:04:30.000000,LIMIT,ASK,3604.0,10
1251,Ag(T+D)@sg,1522429480000,2018-03-31 01:04:40.000000,LIMIT,ASK,3603.99995,10
1252,Ag(T+D)@sg,1522429485000,2018-03-31 01:04:45.000000,LIMIT,ASK,3605.0,10
1253,Ag(T+D)@sg,1522429495000,2018-03-31 01:04:55.000000,LIMIT,BID,3604.0,10
1254,Ag(T+D)@sg,1522429505000,2018-03-31 01:05:05.000000,LIMIT,BID,3604.0,10
1255,Ag(T+D)@sg,1522429515000,2018-03-31 01:05:15.000000,LIMIT,BID,3604.0,10
1256,Ag(T+D)@sg,1522429525000,2018-03-31 01:05:25.000000,LIMIT,BID,3604.0,10
1257,Ag(T+D)@sg,1522429550000,2018-03-31 01:05:50.000000,LIMIT,ASK,3605.0,10
1258,Ag(T+D)@sg,1522429560000,2018-03-31 01:06:00.000000,LIMIT,ASK,3605.0,10
1259,Ag(T+D)@sg,1522429570000,2018-03-31 01:06:10.000000,LIMIT,ASK,3605.0,10
1260,Ag(T+D)@sg,1522429580000,2018-03-31 01:06:20.000000,LIMIT,ASK,3605.0,10
1261,Ag(T+D)@sg,1522429590000,2018-03-31 01:06:30.000000,LIMIT,ASK,3605.0,10
1262,Ag(T+D)@sg,1522429600000,2018-03-31 01:06:40.000000,LIMIT,ASK,3605.0,10
1263,Ag(T+D)@sg,1522429610000,2018-03-31 01:06:50.000000,LIMIT,ASK,3605.0,10
1264,Ag(T+D)@sg,1522429620000,2018-03-31 01:07:00.000000,LIMIT,ASK,3605.0,10
1265,Ag(T+D)@sg,1522429630000,2018-03-31 01:07:10.000000,LIMIT,ASK,3605.0,10
1266,Ag(T+D)@sg,1522429640000,2018-03-31 01:07:20.000000,LIMIT,ASK,3605.0,10
1267,Ag(T+D)@sg,1522429650000,2018-03-31 01:07:30.000000,LIMIT,BID,3604.0,10
1268,Ag(T+D)@sg,1522429660000,2018-03-31 01:07:40.000000,LIMIT,ASK,3605.0,10
1269,Ag(T+D)@sg,1522429670000,2018-03-31 01:07:50.000000,LIMIT,ASK,3605.0,10
1270,Ag(T+D)@sg,1522429680000,2018-03-31 01:08:00.000000,LIMIT,ASK,3605.0,10
1271,Ag(T+D)@sg,1522429690000,2018-03-31 01:08:10.000000,LIMIT,ASK,3605.0,10
1272,Ag(T+D)@sg,1522429700000,2018-03-31 01:08:20.000000,LIMIT,ASK,3605.0,10
1273,Ag(T+D)@sg,1522429710000,2018-03-31 01:08:30.000000,LIMIT,ASK,3605.0,10
1274,Ag(T+D)@sg,1522429720000,2018-03-31 01:08:40.000000,LIMIT,ASK,3605.0,10
1275,Ag(T+D)@sg,1522429730000,2018-03-31 01:08:50.000000,LIMIT,ASK,3605.0,10
1276,Ag(T+D)@sg,1522429740000,2018-03-31 01:09:00.000000,LIMIT,ASK,3605.0,10
1277,Ag(T+D)@sg,1522429750000,2018-03-31 01:09:10.000000,LIMIT,ASK,3605.0,10
1278,Ag(T+D)@sg,1522429760000,2018-03-31 01:09:20.000000,LIMIT,ASK,3605.0,10
1279,Ag(T+D)@sg,1522429770000,2018-03-31 01:09:30.000000,LIMIT,ASK,3605.0,10
1280,Ag(T+D)@sg,1522429780000,2018-03-31 01:09:40.000000,LIMIT,ASK,3605.0,10
1281,Ag(T+D)@sg,1522429790000,2018-03-31 01:09:50.000000,LIMIT,ASK,3605.0,10
1282,Ag(T+D)@sg,1522429800000,2018-03-31 01:10:00.000000,LIMIT,ASK,3605.0,10
1283,Ag(T+D)@sg,1522429810000,2018-03-31 01:10:10.000000,LIMIT,ASK,3605.0,10
1284,Ag(T+D)@sg,1522429820000,2018-03-31 01:10:20.000000,LIMIT,ASK,3605.0,10
1285,Ag(T+D)@sg,1522429830000,2018-03-31 01:10:30.000000,LIMIT,ASK,3605.0,10
1286,Ag(T+D)@sg,1522429840000,2018-03-31 01:10:40.000000,LIMIT,ASK,3605.0,10
1287,Ag(T+D)@sg,1522430050000,2018-03-31 01:14:10.000000,LIMIT,BID,3603.0,10
1288,Ag(T+D)@sg,1522430060000,2018-03-31 01:14:20.000000,LIMIT,BID,3604.0,10
1289,Ag(T+D)@sg,1522430070000,2018-03-31 01:14:30.000000,LIMIT,BID,3604.0,10
1290,Ag(T+D)@sg,1522430090000,2018-03-31 01:14:50.000000,LIMIT,BID,3603.0,10
1291,Ag(T+D)@sg,1522430100000,2018-03-31 01:15:00.000000,LIMIT,BID,3603.0,10
1292,Ag(T+D)@sg,1522430110000,2018-03-31 01:15:10.000000,LIMIT,BID,3603.0,10
1293,Ag(T+D)@sg,1522430120000,2018-03-31 01:15:20.000000,LIMIT,BID,3603.0,10
1294,Ag(T+D)@sg,1522430130000,2018-03-31 01:15:30.000000,LIMIT,ASK,3604.0,10
1295,Ag(T+D)@sg,1522430140000,2018-03-31 01:15:40.000000,LIMIT,ASK,3604.0,10
1296,Ag(T+D)@sg,1522430150000,2018-03-31 01:15:50.000000,LIMIT,ASK,3604.0,10
1297,Ag(T+D)@sg,1522430160000,2018-03-31 01:16:00.000000,LIMIT,ASK,3604.0,10
1298,Ag(T+D)@sg,1522430170000,2018-03-31 01:16:10.000000,LIMIT,ASK,3604.0,10
1299,Ag(T+D)@sg,1522430180000,2018-03-31 01:16:20.000000,LIMIT,ASK,3604.0,10
1300,Ag(T+D)@sg,1522430190000,2018-03-31 01:16:30.000000,LIMIT,ASK,3604.0,10
1301,Ag(T+D)@sg,1522430200000,2018-03-31 01:16:40.000000,LIMIT,ASK,3604.0,10
1302,Ag(T+D)@sg,1522430210000,2018-03-31 01:16:50.000000,LIMIT,ASK,3604.0,10
1303,Ag(T+D)@sg,1522430220000,2018-03-31 01:17:00.000000,LIMIT,ASK,3604.0,10
1304,Ag(T+D)@sg,1522430230000,2018-03-31 01:17:10.000000,LIMIT,ASK,3604.0,10
1305,Ag(T+D)@sg,1522430240000,2018-03-31 01:17:20.000000,LIMIT,ASK,3604.0,10
1306,Ag(T+D)@sg,1522430250000,2018-03-31 01:17:30.000000,LIMIT,ASK,3604.0,10
1307,Ag(T+D)@sg,1522430260000,2018-03-31 01:17:40.000000,LIMIT,ASK,3604.0,10
1308,Ag(T+D)@sg,1522430270000,2018-03-31 01:17:50.000000,LIMIT,ASK,3604.0,10
1309,Ag(T+D)@sg,1522430280000,2018-03-31 01:18:00.000000,LIMIT,ASK,3604.0,10
1310,Ag(T+D)@sg,1522430290000,2018-03-31 01:18:10.000000,LIMIT,ASK,3604.0,10
