id,dataset,ts,time,price,qty,order_side,order_type,action,tag,order_id,market_order_id,bundle_id
0,Ag(T+D)@sg,1522411250005,2018-03-30 20:00:50.005000,3591.0,10,BID,LIMIT,PLACE,,15224112500001,1,46
1,Ag(T+D)@sg,1522411255000,2018-03-30 20:00:55.000000,3591.0,10,BID,LIMIT,CANCEL,,15224112500001,2,46
2,Ag(T+D)@sg,1522411260005,2018-03-30 20:01:00.005000,3591.0,10,BID,LIMIT,PLACE,,15224112600001,3,64
3,Ag(T+D)@sg,1522411265000,2018-03-30 20:01:05.000000,3591.0,10,BID,LIMIT,CANCEL,,15224112600001,4,64
4,Ag(T+D)@sg,1522411270005,2018-03-30 20:01:10.005000,3591.0,10,BID,LIMIT,PLACE,,15224112700001,5,82
5,Ag(T+D)@sg,1522411275000,2018-03-30 20:01:15.000000,3591.0,10,BID,LIMIT,CANCEL,,15224112700001,6,82
6,Ag(T+D)@sg,1522411280005,2018-03-30 20:01:20.005000,3592.0,10,BID,LIMIT,PLACE,,15224112800001,7,93
7,Ag(T+D)@sg,1522411285000,2018-03-30 20:01:25.000000,3592.0,10,BID,LIMIT,CANCEL,,15224112800001,8,93
8,Ag(T+D)@sg,1522411290005,2018-03-30 20:01:30.005000,3592.0,10,BID,LIMIT,PLACE,,15224112900001,9,102
9,Ag(T+D)@sg,1522411295000,2018-03-30 20:01:35.000000,3592.0,10,BID,LIMIT,CANCEL,,15224112900001,10,102
10,Ag(T+D)@sg,1522411300005,2018-03-30 20:01:40.005000,3592.0,10,BID,LIMIT,PLACE,,15224113000001,11,115
11,Ag(T+D)@sg,1522411305000,2018-03-30 20:01:45.000000,3592.0,10,BID,LIMIT,CANCEL,,15224113000001,12,115
12,Ag(T+D)@sg,1522411310005,2018-03-30 20:01:50.005000,3593.0,10,BID,LIMIT,PLACE,,15224113100001,13,128
13,Ag(T+D)@sg,1522411315000,2018-03-30 20:01:55.000000,3593.0,10,BID,LIMIT,CANCEL,,15224113100001,14,128
14,Ag(T+D)@sg,1522411320005,2018-03-30 20:02:00.005000,3593.0,10,BID,LIMIT,PLACE,,15224113200001,15,138
15,Ag(T+D)@sg,1522411325000,2018-03-30 20:02:05.000000,3593.0,10,BID,LIMIT,CANCEL,,15224113200001,16,138
16,Ag(T+D)@sg,1522411330005,2018-03-30 20:02:10.005000,3593.0,10,BID,LIMIT,PLACE,,15224113300001,17,150
17,Ag(T+D)@sg,1522411335000,2018-03-30 20:02:15.000000,3593.0,10,BID,LIMIT,CANCEL,,15224113300001,18,150
18,Ag(T+D)@sg,1522411340005,2018-03-30 20:02:20.005000,3593.0,10,BID,LIMIT,PLACE,,15224113400001,19,165
19,Ag(T+D)@sg,1522411345000,2018-03-30 20:02:25.000000,3593.0,10,BID,LIMIT,CANCEL,,15224113400001,20,165
20,Ag(T+D)@sg,1522411350005,2018-03-30 20:02:30.005000,3593.0,10,BID,LIMIT,PLACE,,15224113500001,21,184
21,Ag(T+D)@sg,1522411355000,2018-03-30 20:02:35.000000,3593.0,10,BID,LIMIT,CANCEL,,15224113500001,22,184
22,Ag(T+D)@sg,1522411360005,2018-03-30 20:02:40.005000,3594.0,10,BID,LIMIT,PLACE,,15224113600001,23,203
23,Ag(T+D)@sg,1522411365000,2018-03-30 20:02:45.000000,3594.0,10,BID,LIMIT,CANCEL,,15224113600001,24,203
24,Ag(T+D)@sg,1522411370005,2018-03-30 20:02:50.005000,3594.0,10,BID,LIMIT,PLACE,,15224113700001,25,221
25,Ag(T+D)@sg,1522411375000,2018-03-30 20:02:55.000000,3594.0,10,BID,LIMIT,CANCEL,,15224113700001,26,221
26,Ag(T+D)@sg,1522411380005,2018-03-30 20:03:00.005000,3594.0,10,BID,LIMIT,PLACE,,15224113800001,27,234
27,Ag(T+D)@sg,1522411385000,2018-03-30 20:03:05.000000,3594.0,10,BID,LIMIT,CANCEL,,15224113800001,28,234
28,Ag(T+D)@sg,1522411390005,2018-03-30 20:03:10.005000,3594.0,10,BID,LIMIT,PLACE,,15224113900001,29,249
29,Ag(T+D)@sg,1522411395000,2018-03-30 20:03:15.000000,3594.0,10,BID,LIMIT,CANCEL,,15224113900001,30,249
30,Ag(T+D)@sg,1522411400005,2018-03-30 20:03:20.005000,3594.0,10,BID,LIMIT,PLACE,,15224114000001,31,268
31,Ag(T+D)@sg,1522411405000,2018-03-30 20:03:25.000000,3594.0,10,BID,LIMIT,CANCEL,,15224114000001,32,268
32,Ag(T+D)@sg,1522411410005,2018-03-30 20:03:30.005000,3594.0,10,BID,LIMIT,PLACE,,15224114100001,33,278
33,Ag(T+D)@sg,1522411415000,2018-03-30 20:03:35.000000,3594.0,10,BID,LIMIT,CANCEL,,15224114100001,34,278
34,Ag(T+D)@sg,1522411420005,2018-03-30 20:03:40.005000,3593.0,10,BID,LIMIT,PLACE,,15224114200001,35,300
35,Ag(T+D)@sg,1522411425000,2018-03-30 20:03:45.000000,3593.0,10,BID,LIMIT,CANCEL,,15224114200001,36,300
36,Ag(T+D)@sg,1522411430005,2018-03-30 20:03:50.005000,3593.0,10,BID,LIMIT,PLACE,,15224114300001,37,310
37,Ag(T+D)@sg,1522411435000,2018-03-30 20:03:55.000000,3593.0,10,BID,LIMIT,CANCEL,,15224114300001,38,310
38,Ag(T+D)@sg,1522411440005,2018-03-30 20:04:00.005000,3593.0,10,BID,LIMIT,PLACE,,15224114400001,39,316
39,Ag(T+D)@sg,1522411445000,2018-03-30 20:04:05.000000,3593.0,10,BID,LIMIT,CANCEL,,15224114400001,40,316
40,Ag(T+D)@sg,1522411450005,2018-03-30 20:04:10.005000,3594.0,10,BID,LIMIT,PLACE,,15224114500001,41,330
41,Ag(T+D)@sg,1522411455000,2018-03-30 20:04:15.000000,3594.0,10,BID,LIMIT,CANCEL,,15224114500001,42,330
42,Ag(T+D)@sg,1522411460005,2018-03-30 20:04:20.005000,3594.0,10,BID,LIMIT,PLACE,,15224114600001,43,342
43,Ag(T+D)@sg,1522411465000,2018-03-30 20:04:25.000000,3594.0,10,BID,LIMIT,CANCEL,,15224114600001,44,342
44,Ag(T+D)@sg,1522411470005,2018-03-30 20:04:30.005000,3594.0,10,BID,LIMIT,PLACE,,15224114700001,45,356
45,Ag(T+D)@sg,1522411475005,2018-03-30 20:04:35.005000,3594.0,10,ASK,LIMIT,PLACE,,15224114750001,46,362
46,Ag(T+D)@sg,1522411480000,2018-03-30 20:04:40.000000,3594.0,10,ASK,LIMIT,CANCEL,,15224114750001,47,362
47,Ag(T+D)@sg,1522411485005,2018-03-30 20:04:45.005000,3594.0,10,ASK,LIMIT,PLACE,,15224114850001,48,377
48,Ag(T+D)@sg,1522411490000,2018-03-30 20:04:50.000000,3594.0,10,ASK,LIMIT,CANCEL,,15224114850001,49,377
49,Ag(T+D)@sg,1522411495005,2018-03-30 20:04:55.005000,3594.0,10,ASK,LIMIT,PLACE,,15224114950001,50,386
50,Ag(T+D)@sg,1522411500000,2018-03-30 20:05:00.000000,3594.0,10,ASK,LIMIT,CANCEL,,15224114950001,51,386
51,Ag(T+D)@sg,1522411505005,2018-03-30 20:05:05.005000,3594.0,10,ASK,LIMIT,PLACE,,15224115050001,52,394
52,Ag(T+D)@sg,1522411510000,2018-03-30 20:05:10.000000,3594.0,10,ASK,LIMIT,CANCEL,,15224115050001,53,394
53,Ag(T+D)@sg,1522411515005,2018-03-30 20:05:15.005000,3594.0,10,ASK,LIMIT,PLACE,,15224115150001,54,403
54,Ag(T+D)@sg,1522411520000,2018-03-30 20:05:20.000000,3594.0,10,ASK,LIMIT,CANCEL,,15224115150001,55,403
55,Ag(T+D)@sg,1522411525005,2018-03-30 20:05:25.005000,3594.0,10,ASK,LIMIT,PLACE,,15224115250001,56,416
56,Ag(T+D)@sg,1522411530000,2018-03-30 20:05:30.000000,3594.0,10,ASK,LIMIT,CANCEL,,15224115250001,57,416
57,Ag(T+D)@sg,1522411535005,2018-03-30 20:05:35.005000,3594.0,10,ASK,LIMIT,PLACE,,15224115350001,58,425
58,Ag(T+D)@sg,1522411540000,2018-03-30 20:05:40.000000,3594.0,10,ASK,LIMIT,CANCEL,,15224115350001,59,425
59,Ag(T+D)@sg,1522411545005,2018-03-30 20:05:45.005000,3594.0,10,ASK,LIMIT,PLACE,,15224115450001,60,440
60,Ag(T+D)@sg,1522411550000,2018-03-30 20:05:50.000000,3594.0,10,ASK,LIMIT,CANCEL,,15224115450001,61,440
61,Ag(T+D)@sg,1522411555005,2018-03-30 20:05:55.005000,3594.0,10,ASK,LIMIT,PLACE,,15224115550001,62,455
62,Ag(T+D)@sg,1522411560000,2018-03-30 20:06:00.000000,3594.0,10,ASK,LIMIT,CANCEL,,15224115550001,63,455
63,Ag(T+D)@sg,1522411565005,2018-03-30 20:06:05.005000,3594.0,10,ASK,LIMIT,PLACE,,15224115650001,64,464
64,Ag(T+D)@sg,1522411570000,2018-03-30 20:06:10.000000,3594.0,10,ASK,LIMIT,CANCEL,,15224115650001,65,464
65,Ag(T+D)@sg,1522411575005,2018-03-30 20:06:15.005000,3594.0,10,ASK,LIMIT,PLACE,,15224115750001,66,476
66,Ag(T+D)@sg,1522411580000,2018-03-30 20:06:20.000000,3594.0,10,ASK,LIMIT,CANCEL,,15224115750001,67,476
67,Ag(T+D)@sg,1522411585005,2018-03-30 20:06:25.005000,3594.0,10,ASK,LIMIT,PLACE,,15224115850001,68,487
68,Ag(T+D)@sg,1522411590000,2018-03-30 20:06:30.000000,3594.0,10,ASK,LIMIT,CANCEL,,15224115850001,69,487
69,Ag(T+D)@sg,1522411595005,2018-03-30 20:06:35.005000,3594.0,10,ASK,LIMIT,PLACE,,15224115950001,70,493
70,Ag(T+D)@sg,1522411600000,2018-03-30 20:06:40.000000,3594.0,10,ASK,LIMIT,CANCEL,,15224115950001,71,493
71,Ag(T+D)@sg,1522411605005,2018-03-30 20:06:45.005000,3594.0,10,ASK,LIMIT,PLACE,,15224116050001,72,511
72,Ag(T+D)@sg,1522411610000,2018-03-30 20:06:50.000000,3594.0,10,ASK,LIMIT,CANCEL,,15224116050001,73,511
73,Ag(T+D)@sg,1522411615005,2018-03-30 20:06:55.005000,3594.0,10,ASK,LIMIT,PLACE,,15224116150001,74,517
74,Ag(T+D)@sg,1522411620000,2018-03-30 20:07:00.000000,3594.0,10,ASK,LIMIT,CANCEL,,15224116150001,75,517
75,Ag(T+D)@sg,1522411625005,2018-03-30 20:07:05.005000,3594.0,10,ASK,LIMIT,PLACE,,15224116250001,76,527
76,Ag(T+D)@sg,1522411630000,2018-03-30 20:07:10.000000,3594.0,10,ASK,LIMIT,CANCEL,,15224116250001,77,527
77,Ag(T+D)@sg,1522411635005,2018-03-30 20:07:15.005000,3594.0,10,ASK,LIMIT,PLACE,,15224116350001,78,540
78,Ag(T+D)@sg,1522411640000,2018-03-30 20:07:20.000000,3594.0,10,ASK,LIMIT,CANCEL,,15224116350001,79,540
79,Ag(T+D)@sg,1522411645005,2018-03-30 20:07:25.005000,3594.0,10,ASK,LIMIT,PLACE,,15224116450001,80,554
80,Ag(T+D)@sg,1522411650000,2018-03-30 20:07:30.000000,3594.0,10,ASK,LIMIT,CANCEL,,15224116450001,81,554
81,Ag(T+D)@sg,1522411655005,2018-03-30 20:07:35.005000,3594.0,10,ASK,LIMIT,PLACE,,15224116550001,82,562
82,Ag(T+D)@sg,1522411660000,2018-03-30 20:07:40.000000,3594.0,10,ASK,LIMIT,CANCEL,,15224116550001,83,562
83,Ag(T+D)@sg,1522411665005,2018-03-30 20:07:45.005000,3594.0,10,ASK,LIMIT,PLACE,,15224116650001,84,577
84,Ag(T+D)@sg,1522411670000,2018-03-30 20:07:50.000000,3594.0,10,ASK,LIMIT,CANCEL,,15224116650001,85,577
85,Ag(T+D)@sg,1522411675005,2018-03-30 20:07:55.005000,3594.0,10,ASK,LIMIT,PLACE,,15224116750001,86,586
86,Ag(T+D)@sg,1522411680000,2018-03-30 20:08:00.000000,3594.0,10,ASK,LIMIT,CANCEL,,15224116750001,87,586
87,Ag(T+D)@sg,1522411685005,2018-03-30 20:08:05.005000,3594.0,10,ASK,LIMIT,PLACE,,15224116850001,88,593
88,Ag(T+D)@sg,1522411690000,2018-03-30 20:08:10.000000,3594.0,10,ASK,LIMIT,CANCEL,,15224116850001,89,593
89,Ag(T+D)@sg,1522411695005,2018-03-30 20:08:15.005000,3594.0,10,ASK,LIMIT,PLACE,,15224116950001,90,609
90,Ag(T+D)@sg,1522411700000,2018-03-30 20:08:20.000000,3594.0,10,ASK,LIMIT,CANCEL,,15224116950001,91,609
91,Ag(T+D)@sg,1522411705005,2018-03-30 20:08:25.005000,3594.0,10,ASK,LIMIT,PLACE,,15224117050001,92,615
92,Ag(T+D)@sg,1522411710000,2018-03-30 20:08:30.000000,3594.0,10,ASK,LIMIT,CANCEL,,15224117050001,93,615
93,Ag(T+D)@sg,1522411715005,2018-03-30 20:08:35.005000,3594.0,10,ASK,LIMIT,PLACE,,15224117150001,94,624
94,Ag(T+D)@sg,1522411720000,2018-03-30 20:08:40.000000,3594.0,10,ASK,LIMIT,CANCEL,,15224117150001,95,624
95,Ag(T+D)@sg,1522411725005,2018-03-30 20:08:45.005000,3594.0,10,ASK,LIMIT,PLACE,,15224117250001,96,633
96,Ag(T+D)@sg,1522411730000,2018-03-30 20:08:50.000000,3594.0,10,ASK,LIMIT,CANCEL,,15224117250001,97,633
97,Ag(T+D)@sg,1522411735005,2018-03-30 20:08:55.005000,3593.0,10,BID,LIMIT,PLACE,,15224117350001,98,640
98,Ag(T+D)@sg,1522411740000,2018-03-30 20:09:00.000000,3593.0,10,BID,LIMIT,CANCEL,,15224117350001,99,640
99,Ag(T+D)@sg,1522411805005,2018-03-30 20:10:05.005000,3594.0,10,ASK,LIMIT,PLACE,,15224118050001,100,676
100,Ag(T+D)@sg,1522411810000,2018-03-30 20:10:10.000000,3594.0,10,ASK,LIMIT,CANCEL,,15224118050001,101,676
101,Ag(T+D)@sg,1522411815005,2018-03-30 20:10:15.005000,3594.0,10,ASK,LIMIT,PLACE,,15224118150001,102,688
102,Ag(T+D)@sg,1522411820000,2018-03-30 20:10:20.000000,3594.0,10,ASK,LIMIT,CANCEL,,15224118150001,103,688
103,Ag(T+D)@sg,1522411825005,2018-03-30 20:10:25.005000,3594.0,10,ASK,LIMIT,PLACE,,15224118250001,104,703
104,Ag(T+D)@sg,1522411830000,2018-03-30 20:10:30.000000,3594.0,10,ASK,LIMIT,CANCEL,,15224118250001,105,703
105,Ag(T+D)@sg,1522411835005,2018-03-30 20:10:35.005000,3594.0,10,ASK,LIMIT,PLACE,,15224118350001,106,716
106,Ag(T+D)@sg,1522411840000,2018-03-30 20:10:40.000000,3594.0,10,ASK,LIMIT,CANCEL,,15224118350001,107,716
107,Ag(T+D)@sg,1522411845005,2018-03-30 20:10:45.005000,3594.0,10,ASK,LIMIT,PLACE,,15224118450001,108,728
108,Ag(T+D)@sg,1522411850000,2018-03-30 20:10:50.000000,3594.0,10,ASK,LIMIT,CANCEL,,15224118450001,109,728
109,Ag(T+D)@sg,1522411855005,2018-03-30 20:10:55.005000,3594.0,10,ASK,LIMIT,PLACE,,15224118550001,110,740
110,Ag(T+D)@sg,1522411860000,2018-03-30 20:11:00.000000,3594.0,10,ASK,LIMIT,CANCEL,,15224118550001,111,740
111,Ag(T+D)@sg,1522411865005,2018-03-30 20:11:05.005000,3594.0,10,ASK,LIMIT,PLACE,,15224118650001,112,755
112,Ag(T+D)@sg,1522411870000,2018-03-30 20:11:10.000000,3594.0,10,ASK,LIMIT,CANCEL,,15224118650001,113,755
113,Ag(T+D)@sg,1522411875005,2018-03-30 20:11:15.005000,3594.0,10,ASK,LIMIT,PLACE,,15224118750001,114,770
114,Ag(T+D)@sg,1522411880000,2018-03-30 20:11:20.000000,3594.0,10,ASK,LIMIT,CANCEL,,15224118750001,115,770
115,Ag(T+D)@sg,1522411890005,2018-03-30 20:11:30.005000,3593.0,10,BID,LIMIT,PLACE,,15224118900001,116,780
116,Ag(T+D)@sg,1522411895000,2018-03-30 20:11:35.000000,3593.0,10,BID,LIMIT,CANCEL,,15224118900001,117,780
117,Ag(T+D)@sg,1522411900005,2018-03-30 20:11:40.005000,3593.0,10,BID,LIMIT,PLACE,,15224119000001,118,789
118,Ag(T+D)@sg,1522411905000,2018-03-30 20:11:45.000000,3593.0,10,BID,LIMIT,CANCEL,,15224119000001,119,789
119,Ag(T+D)@sg,1522411910005,2018-03-30 20:11:50.005000,3593.0,10,BID,LIMIT,PLACE,,15224119100001,120,795
120,Ag(T+D)@sg,1522411915000,2018-03-30 20:11:55.000000,3593.0,10,BID,LIMIT,CANCEL,,15224119100001,121,795
121,Ag(T+D)@sg,1522411920005,2018-03-30 20:12:00.005000,3593.0,10,BID,LIMIT,PLACE,,15224119200001,122,809
122,Ag(T+D)@sg,1522411925000,2018-03-30 20:12:05.000000,3593.0,10,BID,LIMIT,CANCEL,,15224119200001,123,809
123,Ag(T+D)@sg,1522411930005,2018-03-30 20:12:10.005000,3593.0,10,BID,LIMIT,PLACE,,15224119300001,124,818
124,Ag(T+D)@sg,1522411935000,2018-03-30 20:12:15.000000,3593.0,10,BID,LIMIT,CANCEL,,15224119300001,125,818
125,Ag(T+D)@sg,1522411940005,2018-03-30 20:12:20.005000,3593.0,10,BID,LIMIT,PLACE,,15224119400001,126,833
126,Ag(T+D)@sg,1522411945000,2018-03-30 20:12:25.000000,3593.0,10,BID,LIMIT,CANCEL,,15224119400001,127,833
127,Ag(T+D)@sg,1522411950005,2018-03-30 20:12:30.005000,3593.0,10,BID,LIMIT,PLACE,,15224119500001,128,839
128,Ag(T+D)@sg,1522411955000,2018-03-30 20:12:35.000000,3593.0,10,BID,LIMIT,CANCEL,,15224119500001,129,839
129,Ag(T+D)@sg,1522411960005,2018-03-30 20:12:40.005000,3593.0,10,BID,LIMIT,PLACE,,15224119600001,130,848
130,Ag(T+D)@sg,1522411965000,2018-03-30 20:12:45.000000,3593.0,10,BID,LIMIT,CANCEL,,15224119600001,131,848
131,Ag(T+D)@sg,1522411970005,2018-03-30 20:12:50.005000,3593.0,10,BID,LIMIT,PLACE,,15224119700001,132,860
132,Ag(T+D)@sg,1522411975000,2018-03-30 20:12:55.000000,3593.0,10,BID,LIMIT,CANCEL,,15224119700001,133,860
133,Ag(T+D)@sg,1522411980005,2018-03-30 20:13:00.005000,3593.0,10,BID,LIMIT,PLACE,,15224119800001,134,866
134,Ag(T+D)@sg,1522411985000,2018-03-30 20:13:05.000000,3593.0,10,BID,LIMIT,CANCEL,,15224119800001,135,866
135,Ag(T+D)@sg,1522411990005,2018-03-30 20:13:10.005000,3594.0,10,ASK,LIMIT,PLACE,,15224119900001,136,876
136,Ag(T+D)@sg,1522411995000,2018-03-30 20:13:15.000000,3594.0,10,ASK,LIMIT,CANCEL,,15224119900001,137,876
137,Ag(T+D)@sg,1522412000005,2018-03-30 20:13:20.005000,3594.0,10,ASK,LIMIT,PLACE,,15224120000001,138,885
138,Ag(T+D)@sg,1522412005000,2018-03-30 20:13:25.000000,3594.0,10,ASK,LIMIT,CANCEL,,15224120000001,139,885
139,Ag(T+D)@sg,1522412010005,2018-03-30 20:13:30.005000,3594.0,10,ASK,LIMIT,PLACE,,15224120100001,140,897
140,Ag(T+D)@sg,1522412015000,2018-03-30 20:13:35.000000,3594.0,10,ASK,LIMIT,CANCEL,,15224120100001,141,897
141,Ag(T+D)@sg,1522412020005,2018-03-30 20:13:40.005000,3594.0,10,ASK,LIMIT,PLACE,,15224120200001,142,903
142,Ag(T+D)@sg,1522412025000,2018-03-30 20:13:45.000000,3594.0,10,ASK,LIMIT,CANCEL,,15224120200001,143,903
143,Ag(T+D)@sg,1522412030005,2018-03-30 20:13:50.005000,3594.0,10,ASK,LIMIT,PLACE,,15224120300001,144,913
144,Ag(T+D)@sg,1522412035000,2018-03-30 20:13:55.000000,3594.0,10,ASK,LIMIT,CANCEL,,15224120300001,145,913
145,Ag(T+D)@sg,1522412040005,2018-03-30 20:14:00.005000,3594.0,10,ASK,LIMIT,PLACE,,15224120400001,146,920
146,Ag(T+D)@sg,1522412045000,2018-03-30 20:14:05.000000,3594.0,10,ASK,LIMIT,CANCEL,,15224120400001,147,920
147,Ag(T+D)@sg,1522412050005,2018-03-30 20:14:10.005000,3594.0,10,ASK,LIMIT,PLACE,,15224120500001,148,928
148,Ag(T+D)@sg,1522412055000,2018-03-30 20:14:15.000000,3594.0,10,ASK,LIMIT,CANCEL,,15224120500001,149,928
149,Ag(T+D)@sg,1522412060005,2018-03-30 20:14:20.005000,3594.0,10,ASK,LIMIT,PLACE,,15224120600001,150,946
150,Ag(T+D)@sg,1522412065000,2018-03-30 20:14:25.000000,3594.0,10,ASK,LIMIT,CANCEL,,15224120600001,151,946
151,Ag(T+D)@sg,1522412070005,2018-03-30 20:14:30.005000,3594.0,10,ASK,LIMIT,PLACE,,15224120700001,152,958
152,Ag(T+D)@sg,1522412075000,2018-03-30 20:14:35.000000,3594.0,10,ASK,LIMIT,CANCEL,,15224120700001,153,958
153,Ag(T+D)@sg,1522412080005,2018-03-30 20:14:40.005000,3594.0,10,ASK,LIMIT,PLACE,,15224120800001,154,982
154,Ag(T+D)@sg,1522412085000,2018-03-30 20:14:45.000000,3594.0,10,ASK,LIMIT,CANCEL,,15224120800001,155,982
155,Ag(T+D)@sg,1522412090005,2018-03-30 20:14:50.005000,3594.0,10,ASK,LIMIT,PLACE,,15224120900001,156,992
156,Ag(T+D)@sg,1522412095000,2018-03-30 20:14:55.000000,3594.0,10,ASK,LIMIT,CANCEL,,15224120900001,157,992
157,Ag(T+D)@sg,1522412790005,2018-03-30 20:26:30.005000,3592.0,10,BID,LIMIT,PLACE,,15224127900001,158,1343
158,Ag(T+D)@sg,1522412795000,2018-03-30 20:26:35.000000,3592.0,10,BID,LIMIT,CANCEL,,15224127900001,159,1343
159,Ag(T+D)@sg,1522412800005,2018-03-30 20:26:40.005000,3592.0,10,BID,LIMIT,PLACE,,15224128000001,160,1349
160,Ag(T+D)@sg,1522412805000,2018-03-30 20:26:45.000000,3592.0,10,BID,LIMIT,CANCEL,,15224128000001,161,1349
161,Ag(T+D)@sg,1522412810005,2018-03-30 20:26:50.005000,3592.0,10,BID,LIMIT,PLACE,,15224128100001,162,1361
162,Ag(T+D)@sg,1522412815000,2018-03-30 20:26:55.000000,3592.0,10,BID,LIMIT,CANCEL,,15224128100001,163,1361
163,Ag(T+D)@sg,1522412820005,2018-03-30 20:27:00.005000,3592.0,10,BID,LIMIT,PLACE,,15224128200001,164,1367
164,Ag(T+D)@sg,1522412825000,2018-03-30 20:27:05.000000,3592.0,10,BID,LIMIT,CANCEL,,15224128200001,165,1367
165,Ag(T+D)@sg,1522412830005,2018-03-30 20:27:10.005000,3592.0,10,BID,LIMIT,PLACE,,15224128300001,166,1373
166,Ag(T+D)@sg,1522412835000,2018-03-30 20:27:15.000000,3592.0,10,BID,LIMIT,CANCEL,,15224128300001,167,1373
167,Ag(T+D)@sg,1522412840005,2018-03-30 20:27:20.005000,3592.0,10,BID,LIMIT,PLACE,,15224128400001,168,1379
168,Ag(T+D)@sg,1522412845000,2018-03-30 20:27:25.000000,3592.0,10,BID,LIMIT,CANCEL,,15224128400001,169,1379
169,Ag(T+D)@sg,1522412850005,2018-03-30 20:27:30.005000,3593.0,10,ASK,LIMIT,PLACE,,15224128500001,170,1391
170,Ag(T+D)@sg,1522412855000,2018-03-30 20:27:35.000000,3593.0,10,ASK,LIMIT,CANCEL,,15224128500001,171,1391
171,Ag(T+D)@sg,1522412860005,2018-03-30 20:27:40.005000,3593.0,10,ASK,LIMIT,PLACE,,15224128600001,172,1400
172,Ag(T+D)@sg,1522412865000,2018-03-30 20:27:45.000000,3593.0,10,ASK,LIMIT,CANCEL,,15224128600001,173,1400
173,Ag(T+D)@sg,1522412870005,2018-03-30 20:27:50.005000,3593.0,10,ASK,LIMIT,PLACE,,15224128700001,174,1406
174,Ag(T+D)@sg,1522412875000,2018-03-30 20:27:55.000000,3593.0,10,ASK,LIMIT,CANCEL,,15224128700001,175,1406
175,Ag(T+D)@sg,1522412880005,2018-03-30 20:28:00.005000,3593.0,10,ASK,LIMIT,PLACE,,15224128800001,176,1415
176,Ag(T+D)@sg,1522412885000,2018-03-30 20:28:05.000000,3593.0,10,ASK,LIMIT,CANCEL,,15224128800001,177,1415
177,Ag(T+D)@sg,1522412890005,2018-03-30 20:28:10.005000,3593.0,10,ASK,LIMIT,PLACE,,15224128900001,178,1421
178,Ag(T+D)@sg,1522412895000,2018-03-30 20:28:15.000000,3593.0,10,ASK,LIMIT,CANCEL,,15224128900001,179,1421
179,Ag(T+D)@sg,1522412900005,2018-03-30 20:28:20.005000,3593.0,10,ASK,LIMIT,PLACE,,15224129000001,180,1430
180,Ag(T+D)@sg,1522412905000,2018-03-30 20:28:25.000000,3593.0,10,ASK,LIMIT,CANCEL,,15224129000001,181,1430
181,Ag(T+D)@sg,1522412910005,2018-03-30 20:28:30.005000,3593.0,10,ASK,LIMIT,PLACE,,15224129100001,182,1441
182,Ag(T+D)@sg,1522412915000,2018-03-30 20:28:35.000000,3593.0,10,ASK,LIMIT,CANCEL,,15224129100001,183,1441
183,Ag(T+D)@sg,1522412920005,2018-03-30 20:28:40.005000,3593.0,10,ASK,LIMIT,PLACE,,15224129200001,184,1450
184,Ag(T+D)@sg,1522412925000,2018-03-30 20:28:45.000000,3593.0,10,ASK,LIMIT,CANCEL,,15224129200001,185,1450
185,Ag(T+D)@sg,1522412930005,2018-03-30 20:28:50.005000,3593.0,10,ASK,LIMIT,PLACE,,15224129300001,186,1456
186,Ag(T+D)@sg,1522412935000,2018-03-30 20:28:55.000000,3593.0,10,ASK,LIMIT,CANCEL,,15224129300001,187,1456
187,Ag(T+D)@sg,1522412940005,2018-03-30 20:29:00.005000,3593.0,10,ASK,LIMIT,PLACE,,15224129400001,188,1464
188,Ag(T+D)@sg,1522412945000,2018-03-30 20:29:05.000000,3593.0,10,ASK,LIMIT,CANCEL,,15224129400001,189,1464
189,Ag(T+D)@sg,1522412950005,2018-03-30 20:29:10.005000,3593.0,10,ASK,LIMIT,PLACE,,15224129500001,190,1470
190,Ag(T+D)@sg,1522412955000,2018-03-30 20:29:15.000000,3593.0,10,ASK,LIMIT,CANCEL,,15224129500001,191,1470
191,Ag(T+D)@sg,1522412960005,2018-03-30 20:29:20.005000,3593.0,10,ASK,LIMIT,PLACE,,15224129600001,192,1477
192,Ag(T+D)@sg,1522412965000,2018-03-30 20:29:25.000000,3593.0,10,ASK,LIMIT,CANCEL,,15224129600001,193,1477
193,Ag(T+D)@sg,1522412970005,2018-03-30 20:29:30.005000,3593.0,10,ASK,LIMIT,PLACE,,15224129700001,194,1487
194,Ag(T+D)@sg,1522412975000,2018-03-30 20:29:35.000000,3593.0,10,ASK,LIMIT,CANCEL,,15224129700001,195,1487
195,Ag(T+D)@sg,1522412980005,2018-03-30 20:29:40.005000,3593.0,10,ASK,LIMIT,PLACE,,15224129800001,196,1493
196,Ag(T+D)@sg,1522412985000,2018-03-30 20:29:45.000000,3593.0,10,ASK,LIMIT,CANCEL,,15224129800001,197,1493
197,Ag(T+D)@sg,1522412990005,2018-03-30 20:29:50.005000,3593.0,10,ASK,LIMIT,PLACE,,15224129900001,198,1499
198,Ag(T+D)@sg,1522412995000,2018-03-30 20:29:55.000000,3593.0,10,ASK,LIMIT,CANCEL,,15224129900001,199,1499
199,Ag(T+D)@sg,1522413000005,2018-03-30 20:30:00.005000,3593.0,10,ASK,LIMIT,PLACE,,15224130000001,200,1505
200,Ag(T+D)@sg,1522413005000,2018-03-30 20:30:05.000000,3593.0,10,ASK,LIMIT,CANCEL,,15224130000001,201,1505
201,Ag(T+D)@sg,1522413010005,2018-03-30 20:30:10.005000,3593.0,10,ASK,LIMIT,PLACE,,15224130100001,202,1511
202,Ag(T+D)@sg,1522413015000,2018-03-30 20:30:15.000000,3593.0,10,ASK,LIMIT,CANCEL,,15224130100001,203,1511
203,Ag(T+D)@sg,1522413020005,2018-03-30 20:30:20.005000,3593.0,10,ASK,LIMIT,PLACE,,15224130200001,204,1520
204,Ag(T+D)@sg,1522413025000,2018-03-30 20:30:25.000000,3593.0,10,ASK,LIMIT,CANCEL,,15224130200001,205,1520
205,Ag(T+D)@sg,1522413030005,2018-03-30 20:30:30.005000,3593.0,10,ASK,LIMIT,PLACE,,15224130300001,206,1529
206,Ag(T+D)@sg,1522413035000,2018-03-30 20:30:35.000000,3593.0,10,ASK,LIMIT,CANCEL,,15224130300001,207,1529
207,Ag(T+D)@sg,1522413040005,2018-03-30 20:30:40.005000,3593.0,10,ASK,LIMIT,PLACE,,15224130400001,208,1538
208,Ag(T+D)@sg,1522413045000,2018-03-30 20:30:45.000000,3593.0,10,ASK,LIMIT,CANCEL,,15224130400001,209,1538
209,Ag(T+D)@sg,1522413085005,2018-03-30 20:31:25.005000,3591.0,10,BID,LIMIT,PLACE,,15224130850001,210,1567
210,Ag(T+D)@sg,1522413090000,2018-03-30 20:31:30.000000,3591.0,10,BID,LIMIT,CANCEL,,15224130850001,211,1567
211,Ag(T+D)@sg,1522413095005,2018-03-30 20:31:35.005000,3592.0,10,BID,LIMIT,PLACE,,15224130950001,212,1576
212,Ag(T+D)@sg,1522413100000,2018-03-30 20:31:40.000000,3592.0,10,BID,LIMIT,CANCEL,,15224130950001,213,1576
213,Ag(T+D)@sg,1522413105005,2018-03-30 20:31:45.005000,3592.0,10,BID,LIMIT,PLACE,,15224131050001,214,1582
214,Ag(T+D)@sg,1522413110000,2018-03-30 20:31:50.000000,3592.0,10,BID,LIMIT,CANCEL,,15224131050001,215,1582
215,Ag(T+D)@sg,1522413115005,2018-03-30 20:31:55.005000,3592.0,10,BID,LIMIT,PLACE,,15224131150001,216,1588
216,Ag(T+D)@sg,1522413120000,2018-03-30 20:32:00.000000,3592.0,10,BID,LIMIT,CANCEL,,15224131150001,217,1588
217,Ag(T+D)@sg,1522413125005,2018-03-30 20:32:05.005000,3592.0,10,BID,LIMIT,PLACE,,15224131250001,218,1594
218,Ag(T+D)@sg,1522413130000,2018-03-30 20:32:10.000000,3592.0,10,BID,LIMIT,CANCEL,,15224131250001,219,1594
219,Ag(T+D)@sg,1522413135005,2018-03-30 20:32:15.005000,3592.0,10,BID,LIMIT,PLACE,,15224131350001,220,1600
220,Ag(T+D)@sg,1522413140000,2018-03-30 20:32:20.000000,3592.0,10,BID,LIMIT,CANCEL,,15224131350001,221,1600
221,Ag(T+D)@sg,1522413145005,2018-03-30 20:32:25.005000,3592.0,10,BID,LIMIT,PLACE,,15224131450001,222,1606
222,Ag(T+D)@sg,1522413150000,2018-03-30 20:32:30.000000,3592.0,10,BID,LIMIT,CANCEL,,15224131450001,223,1606
223,Ag(T+D)@sg,1522413155005,2018-03-30 20:32:35.005000,3592.0,10,BID,LIMIT,PLACE,,15224131550001,224,1612
224,Ag(T+D)@sg,1522413160000,2018-03-30 20:32:40.000000,3592.0,10,BID,LIMIT,CANCEL,,15224131550001,225,1612
225,Ag(T+D)@sg,1522413165005,2018-03-30 20:32:45.005000,3593.0,10,BID,LIMIT,PLACE,,15224131650001,226,1619
226,Ag(T+D)@sg,1522413170000,2018-03-30 20:32:50.000000,3593.0,10,BID,LIMIT,CANCEL,,15224131650001,227,1619
227,Ag(T+D)@sg,1522413175005,2018-03-30 20:32:55.005000,3593.0,10,BID,LIMIT,PLACE,,15224131750001,228,1626
228,Ag(T+D)@sg,1522413180000,2018-03-30 20:33:00.000000,3593.0,10,BID,LIMIT,CANCEL,,15224131750001,229,1626
229,Ag(T+D)@sg,1522413185005,2018-03-30 20:33:05.005000,3593.0,10,BID,LIMIT,PLACE,,15224131850001,230,1632
230,Ag(T+D)@sg,1522413190000,2018-03-30 20:33:10.000000,3593.0,10,BID,LIMIT,CANCEL,,15224131850001,231,1632
231,Ag(T+D)@sg,1522413195005,2018-03-30 20:33:15.005000,3593.0,10,BID,LIMIT,PLACE,,15224131950001,232,1649
232,Ag(T+D)@sg,1522413200000,2018-03-30 20:33:20.000000,3593.0,10,BID,LIMIT,CANCEL,,15224131950001,233,1649
233,Ag(T+D)@sg,1522413205005,2018-03-30 20:33:25.005000,3593.0,10,BID,LIMIT,PLACE,,15224132050001,234,1658
234,Ag(T+D)@sg,1522413210000,2018-03-30 20:33:30.000000,3593.0,10,BID,LIMIT,CANCEL,,15224132050001,235,1658
235,Ag(T+D)@sg,1522413215005,2018-03-30 20:33:35.005000,3593.0,10,BID,LIMIT,PLACE,,15224132150001,236,1664
236,Ag(T+D)@sg,1522413220000,2018-03-30 20:33:40.000000,3593.0,10,BID,LIMIT,CANCEL,,15224132150001,237,1664
237,Ag(T+D)@sg,1522413225005,2018-03-30 20:33:45.005000,3593.0,10,BID,LIMIT,PLACE,,15224132250001,238,1679
238,Ag(T+D)@sg,1522413230000,2018-03-30 20:33:50.000000,3593.0,10,BID,LIMIT,CANCEL,,15224132250001,239,1679
239,Ag(T+D)@sg,1522413235005,2018-03-30 20:33:55.005000,3593.0,10,BID,LIMIT,PLACE,,15224132350001,240,1688
240,Ag(T+D)@sg,1522413240000,2018-03-30 20:34:00.000000,3593.0,10,BID,LIMIT,CANCEL,,15224132350001,241,1688
241,Ag(T+D)@sg,1522413245005,2018-03-30 20:34:05.005000,3593.0,10,BID,LIMIT,PLACE,,15224132450001,242,1694
242,Ag(T+D)@sg,1522413250000,2018-03-30 20:34:10.000000,3593.0,10,BID,LIMIT,CANCEL,,15224132450001,243,1694
243,Ag(T+D)@sg,1522413255005,2018-03-30 20:34:15.005000,3593.0,10,BID,LIMIT,PLACE,,15224132550001,244,1702
244,Ag(T+D)@sg,1522413260000,2018-03-30 20:34:20.000000,3593.0,10,BID,LIMIT,CANCEL,,15224132550001,245,1702
245,Ag(T+D)@sg,1522413265005,2018-03-30 20:34:25.005000,3593.0,10,BID,LIMIT,PLACE,,15224132650001,246,1711
246,Ag(T+D)@sg,1522413270000,2018-03-30 20:34:30.000000,3593.0,10,BID,LIMIT,CANCEL,,15224132650001,247,1711
247,Ag(T+D)@sg,1522413275005,2018-03-30 20:34:35.005000,3593.0,10,BID,LIMIT,PLACE,,15224132750001,248,1720
248,Ag(T+D)@sg,1522413280000,2018-03-30 20:34:40.000000,3593.0,10,BID,LIMIT,CANCEL,,15224132750001,249,1720
249,Ag(T+D)@sg,1522413285005,2018-03-30 20:34:45.005000,3594.0,10,ASK,LIMIT,PLACE,,15224132850001,250,1729
250,Ag(T+D)@sg,1522413290000,2018-03-30 20:34:50.000000,3594.0,10,ASK,LIMIT,CANCEL,,15224132850001,251,1729
251,Ag(T+D)@sg,1522413295005,2018-03-30 20:34:55.005000,3594.0,10,ASK,LIMIT,PLACE,,15224132950001,252,1743
252,Ag(T+D)@sg,1522413300000,2018-03-30 20:35:00.000000,3594.0,10,ASK,LIMIT,CANCEL,,15224132950001,253,1743
253,Ag(T+D)@sg,1522413305005,2018-03-30 20:35:05.005000,3594.0,10,ASK,LIMIT,PLACE,,15224133050001,254,1752
254,Ag(T+D)@sg,1522413310000,2018-03-30 20:35:10.000000,3594.0,10,ASK,LIMIT,CANCEL,,15224133050001,255,1752
255,Ag(T+D)@sg,1522413315005,2018-03-30 20:35:15.005000,3594.0,10,ASK,LIMIT,PLACE,,15224133150001,256,1761
256,Ag(T+D)@sg,1522413320000,2018-03-30 20:35:20.000000,3594.0,10,ASK,LIMIT,CANCEL,,15224133150001,257,1761
257,Ag(T+D)@sg,1522413325005,2018-03-30 20:35:25.005000,3594.0,10,ASK,LIMIT,PLACE,,15224133250001,258,1767
258,Ag(T+D)@sg,1522413330000,2018-03-30 20:35:30.000000,3594.0,10,ASK,LIMIT,CANCEL,,15224133250001,259,1767
259,Ag(T+D)@sg,1522413335005,2018-03-30 20:35:35.005000,3594.0,10,ASK,LIMIT,PLACE,,15224133350001,260,1776
260,Ag(T+D)@sg,1522413340000,2018-03-30 20:35:40.000000,3594.0,10,ASK,LIMIT,CANCEL,,15224133350001,261,1776
261,Ag(T+D)@sg,1522413345005,2018-03-30 20:35:45.005000,3594.0,10,ASK,LIMIT,PLACE,,15224133450001,262,1785
262,Ag(T+D)@sg,1522413350000,2018-03-30 20:35:50.000000,3594.0,10,ASK,LIMIT,CANCEL,,15224133450001,263,1785
263,Ag(T+D)@sg,1522413355005,2018-03-30 20:35:55.005000,3594.0,10,ASK,LIMIT,PLACE,,15224133550001,264,1794
264,Ag(T+D)@sg,1522413360000,2018-03-30 20:36:00.000000,3594.0,10,ASK,LIMIT,CANCEL,,15224133550001,265,1794
265,Ag(T+D)@sg,1522413365005,2018-03-30 20:36:05.005000,3594.0,10,ASK,LIMIT,PLACE,,15224133650001,266,1803
266,Ag(T+D)@sg,1522413370000,2018-03-30 20:36:10.000000,3594.0,10,ASK,LIMIT,CANCEL,,15224133650001,267,1803
267,Ag(T+D)@sg,1522413375005,2018-03-30 20:36:15.005000,3594.0,10,ASK,LIMIT,PLACE,,15224133750001,268,1809
268,Ag(T+D)@sg,1522413380000,2018-03-30 20:36:20.000000,3594.0,10,ASK,LIMIT,CANCEL,,15224133750001,269,1809
269,Ag(T+D)@sg,1522413385005,2018-03-30 20:36:25.005000,3594.0,10,ASK,LIMIT,PLACE,,15224133850001,270,1818
270,Ag(T+D)@sg,1522413390000,2018-03-30 20:36:30.000000,3594.0,10,ASK,LIMIT,CANCEL,,15224133850001,271,1818
271,Ag(T+D)@sg,1522413395005,2018-03-30 20:36:35.005000,3594.0,10,ASK,LIMIT,PLACE,,15224133950001,272,1827
272,Ag(T+D)@sg,1522413400000,2018-03-30 20:36:40.000000,3594.0,10,ASK,LIMIT,CANCEL,,15224133950001,273,1827
273,Ag(T+D)@sg,1522413405005,2018-03-30 20:36:45.005000,3594.0,10,ASK,LIMIT,PLACE,,15224134050001,274,1833
274,Ag(T+D)@sg,1522413410000,2018-03-30 20:36:50.000000,3594.0,10,ASK,LIMIT,CANCEL,,15224134050001,275,1833
275,Ag(T+D)@sg,1522413415005,2018-03-30 20:36:55.005000,3594.0,10,ASK,LIMIT,PLACE,,15224134150001,276,1839
276,Ag(T+D)@sg,1522413420000,2018-03-30 20:37:00.000000,3594.0,10,ASK,LIMIT,CANCEL,,15224134150001,277,1839
277,Ag(T+D)@sg,1522413425005,2018-03-30 20:37:05.005000,3594.0,10,ASK,LIMIT,PLACE,,15224134250001,278,1848
278,Ag(T+D)@sg,1522413430000,2018-03-30 20:37:10.000000,3594.0,10,ASK,LIMIT,CANCEL,,15224134250001,279,1848
279,Ag(T+D)@sg,1522414870005,2018-03-30 21:01:10.005000,3592.0,10,BID,LIMIT,PLACE,,15224148700001,280,2486
280,Ag(T+D)@sg,1522414875000,2018-03-30 21:01:15.000000,3592.0,10,BID,LIMIT,CANCEL,,15224148700001,281,2486
281,Ag(T+D)@sg,1522414880005,2018-03-30 21:01:20.005000,3592.0,10,BID,LIMIT,PLACE,,15224148800001,282,2492
282,Ag(T+D)@sg,1522414885000,2018-03-30 21:01:25.000000,3592.0,10,BID,LIMIT,CANCEL,,15224148800001,283,2492
283,Ag(T+D)@sg,1522414890005,2018-03-30 21:01:30.005000,3591.0,10,BID,LIMIT,PLACE,,15224148900001,284,2511
284,Ag(T+D)@sg,1522414895000,2018-03-30 21:01:35.000000,3591.0,10,BID,LIMIT,CANCEL,,15224148900001,285,2511
285,Ag(T+D)@sg,1522414900005,2018-03-30 21:01:40.005000,3591.0,10,BID,LIMIT,PLACE,,15224149000001,286,2524
286,Ag(T+D)@sg,1522414905000,2018-03-30 21:01:45.000000,3591.0,10,BID,LIMIT,CANCEL,,15224149000001,287,2524
287,Ag(T+D)@sg,1522414910005,2018-03-30 21:01:50.005000,3591.0,10,BID,LIMIT,PLACE,,15224149100001,288,2533
288,Ag(T+D)@sg,1522414915000,2018-03-30 21:01:55.000000,3591.0,10,BID,LIMIT,CANCEL,,15224149100001,289,2533
289,Ag(T+D)@sg,1522414920005,2018-03-30 21:02:00.005000,3591.0,10,BID,LIMIT,PLACE,,15224149200001,290,2539
290,Ag(T+D)@sg,1522414925000,2018-03-30 21:02:05.000000,3591.0,10,BID,LIMIT,CANCEL,,15224149200001,291,2539
291,Ag(T+D)@sg,1522414930005,2018-03-30 21:02:10.005000,3591.0,10,BID,LIMIT,PLACE,,15224149300001,292,2545
292,Ag(T+D)@sg,1522414935000,2018-03-30 21:02:15.000000,3591.0,10,BID,LIMIT,CANCEL,,15224149300001,293,2545
293,Ag(T+D)@sg,1522414940005,2018-03-30 21:02:20.005000,3591.0,10,BID,LIMIT,PLACE,,15224149400001,294,2554
294,Ag(T+D)@sg,1522414945000,2018-03-30 21:02:25.000000,3591.0,10,BID,LIMIT,CANCEL,,15224149400001,295,2554
295,Ag(T+D)@sg,1522414950005,2018-03-30 21:02:30.005000,3592.0,10,ASK,LIMIT,PLACE,,15224149500001,296,2560
296,Ag(T+D)@sg,1522414955000,2018-03-30 21:02:35.000000,3592.0,10,ASK,LIMIT,CANCEL,,15224149500001,297,2560
297,Ag(T+D)@sg,1522414960005,2018-03-30 21:02:40.005000,3592.0,10,ASK,LIMIT,PLACE,,15224149600001,298,2574
298,Ag(T+D)@sg,1522414965000,2018-03-30 21:02:45.000000,3592.0,10,ASK,LIMIT,CANCEL,,15224149600001,299,2574
299,Ag(T+D)@sg,1522414970005,2018-03-30 21:02:50.005000,3592.0,10,ASK,LIMIT,PLACE,,15224149700001,300,2583
300,Ag(T+D)@sg,1522414975005,2018-03-30 21:02:55.005000,3593.0,10,ASK,LIMIT,PLACE,,15224149750001,301,2589
301,Ag(T+D)@sg,1522414980000,2018-03-30 21:03:00.000000,3593.0,10,ASK,LIMIT,CANCEL,,15224149750001,302,2589
302,Ag(T+D)@sg,1522414985005,2018-03-30 21:03:05.005000,3593.0,10,ASK,LIMIT,PLACE,,15224149850001,303,2597
303,Ag(T+D)@sg,1522414990000,2018-03-30 21:03:10.000000,3593.0,10,ASK,LIMIT,CANCEL,,15224149850001,304,2597
304,Ag(T+D)@sg,1522414995005,2018-03-30 21:03:15.005000,3593.0,10,ASK,LIMIT,PLACE,,15224149950001,305,2606
305,Ag(T+D)@sg,1522415000000,2018-03-30 21:03:20.000000,3593.0,10,ASK,LIMIT,CANCEL,,15224149950001,306,2606
306,Ag(T+D)@sg,1522415005005,2018-03-30 21:03:25.005000,3593.0,10,ASK,LIMIT,PLACE,,15224150050001,307,2612
307,Ag(T+D)@sg,1522415010000,2018-03-30 21:03:30.000000,3593.0,10,ASK,LIMIT,CANCEL,,15224150050001,308,2612
308,Ag(T+D)@sg,1522415015005,2018-03-30 21:03:35.005000,3593.0,10,ASK,LIMIT,PLACE,,15224150150001,309,2618
309,Ag(T+D)@sg,1522415020000,2018-03-30 21:03:40.000000,3593.0,10,ASK,LIMIT,CANCEL,,15224150150001,310,2618
310,Ag(T+D)@sg,1522415025005,2018-03-30 21:03:45.005000,3593.0,10,ASK,LIMIT,PLACE,,15224150250001,311,2626
311,Ag(T+D)@sg,1522415030000,2018-03-30 21:03:50.000000,3593.0,10,ASK,LIMIT,CANCEL,,15224150250001,312,2626
312,Ag(T+D)@sg,1522415035005,2018-03-30 21:03:55.005000,3593.0,10,ASK,LIMIT,PLACE,,15224150350001,313,2635
313,Ag(T+D)@sg,1522415040000,2018-03-30 21:04:00.000000,3593.0,10,ASK,LIMIT,CANCEL,,15224150350001,314,2635
314,Ag(T+D)@sg,1522415045005,2018-03-30 21:04:05.005000,3593.0,10,ASK,LIMIT,PLACE,,15224150450001,315,2644
315,Ag(T+D)@sg,1522415050000,2018-03-30 21:04:10.000000,3593.0,10,ASK,LIMIT,CANCEL,,15224150450001,316,2644
316,Ag(T+D)@sg,1522415055005,2018-03-30 21:04:15.005000,3593.0,10,ASK,LIMIT,PLACE,,15224150550001,317,2650
317,Ag(T+D)@sg,1522415060000,2018-03-30 21:04:20.000000,3593.0,10,ASK,LIMIT,CANCEL,,15224150550001,318,2650
318,Ag(T+D)@sg,1522415065005,2018-03-30 21:04:25.005000,3593.0,10,ASK,LIMIT,PLACE,,15224150650001,319,2656
319,Ag(T+D)@sg,1522415070000,2018-03-30 21:04:30.000000,3593.0,10,ASK,LIMIT,CANCEL,,15224150650001,320,2656
320,Ag(T+D)@sg,1522415075005,2018-03-30 21:04:35.005000,3593.0,10,ASK,LIMIT,PLACE,,15224150750001,321,2668
321,Ag(T+D)@sg,1522415080000,2018-03-30 21:04:40.000000,3593.0,10,ASK,LIMIT,CANCEL,,15224150750001,322,2668
322,Ag(T+D)@sg,1522415085005,2018-03-30 21:04:45.005000,3593.0,10,ASK,LIMIT,PLACE,,15224150850001,323,2674
323,Ag(T+D)@sg,1522415090000,2018-03-30 21:04:50.000000,3593.0,10,ASK,LIMIT,CANCEL,,15224150850001,324,2674
324,Ag(T+D)@sg,1522415095005,2018-03-30 21:04:55.005000,3593.0,10,ASK,LIMIT,PLACE,,15224150950001,325,2680
325,Ag(T+D)@sg,1522415100000,2018-03-30 21:05:00.000000,3593.0,10,ASK,LIMIT,CANCEL,,15224150950001,326,2680
326,Ag(T+D)@sg,1522415105005,2018-03-30 21:05:05.005000,3593.0,10,ASK,LIMIT,PLACE,,15224151050001,327,2692
327,Ag(T+D)@sg,1522415110000,2018-03-30 21:05:10.000000,3593.0,10,ASK,LIMIT,CANCEL,,15224151050001,328,2692
328,Ag(T+D)@sg,1522415115005,2018-03-30 21:05:15.005000,3593.0,10,ASK,LIMIT,PLACE,,15224151150001,329,2701
329,Ag(T+D)@sg,1522415120000,2018-03-30 21:05:20.000000,3593.0,10,ASK,LIMIT,CANCEL,,15224151150001,330,2701
330,Ag(T+D)@sg,1522415125005,2018-03-30 21:05:25.005000,3593.0,10,ASK,LIMIT,PLACE,,15224151250001,331,2714
331,Ag(T+D)@sg,1522415130000,2018-03-30 21:05:30.000000,3593.0,10,ASK,LIMIT,CANCEL,,15224151250001,332,2714
332,Ag(T+D)@sg,1522415135005,2018-03-30 21:05:35.005000,3593.0,10,ASK,LIMIT,PLACE,,15224151350001,333,2730
333,Ag(T+D)@sg,1522415140000,2018-03-30 21:05:40.000000,3593.0,10,ASK,LIMIT,CANCEL,,15224151350001,334,2730
334,Ag(T+D)@sg,1522415145005,2018-03-30 21:05:45.005000,3593.0,10,ASK,LIMIT,PLACE,,15224151450001,335,2739
335,Ag(T+D)@sg,1522415150000,2018-03-30 21:05:50.000000,3593.0,10,ASK,LIMIT,CANCEL,,15224151450001,336,2739
336,Ag(T+D)@sg,1522415155005,2018-03-30 21:05:55.005000,3593.0,10,ASK,LIMIT,PLACE,,15224151550001,337,2763
337,Ag(T+D)@sg,1522415160000,2018-03-30 21:06:00.000000,3593.0,10,ASK,LIMIT,CANCEL,,15224151550001,338,2763
338,Ag(T+D)@sg,1522415165005,2018-03-30 21:06:05.005000,3594.0,10,ASK,LIMIT,PLACE,,15224151650001,339,2781
339,Ag(T+D)@sg,1522415170000,2018-03-30 21:06:10.000000,3594.0,10,ASK,LIMIT,CANCEL,,15224151650001,340,2781
340,Ag(T+D)@sg,1522415175005,2018-03-30 21:06:15.005000,3593.0,10,BID,LIMIT,PLACE,,15224151750001,341,2788
341,Ag(T+D)@sg,1522415180000,2018-03-30 21:06:20.000000,3593.0,10,BID,LIMIT,CANCEL,,15224151750001,342,2788
342,Ag(T+D)@sg,1522415185005,2018-03-30 21:06:25.005000,3593.0,10,BID,LIMIT,PLACE,,15224151850001,343,2795
343,Ag(T+D)@sg,1522415190000,2018-03-30 21:06:30.000000,3593.0,10,BID,LIMIT,CANCEL,,15224151850001,344,2795
344,Ag(T+D)@sg,1522415195005,2018-03-30 21:06:35.005000,3593.0,10,BID,LIMIT,PLACE,,15224151950001,345,2801
345,Ag(T+D)@sg,1522415200000,2018-03-30 21:06:40.000000,3593.0,10,BID,LIMIT,CANCEL,,15224151950001,346,2801
346,Ag(T+D)@sg,1522415205005,2018-03-30 21:06:45.005000,3593.0,10,BID,LIMIT,PLACE,,15224152050001,347,2818
347,Ag(T+D)@sg,1522415210000,2018-03-30 21:06:50.000000,3593.0,10,BID,LIMIT,CANCEL,,15224152050001,348,2818
348,Ag(T+D)@sg,1522415215005,2018-03-30 21:06:55.005000,3593.0,10,BID,LIMIT,PLACE,,15224152150001,349,2833
349,Ag(T+D)@sg,1522415220000,2018-03-30 21:07:00.000000,3593.0,10,BID,LIMIT,CANCEL,,15224152150001,350,2833
350,Ag(T+D)@sg,1522415225005,2018-03-30 21:07:05.005000,3593.0,10,BID,LIMIT,PLACE,,15224152250001,351,2839
351,Ag(T+D)@sg,1522415230000,2018-03-30 21:07:10.000000,3593.0,10,BID,LIMIT,CANCEL,,15224152250001,352,2839
352,Ag(T+D)@sg,1522415235005,2018-03-30 21:07:15.005000,3593.0,10,BID,LIMIT,PLACE,,15224152350001,353,2872
353,Ag(T+D)@sg,1522415240000,2018-03-30 21:07:20.000000,3593.0,10,BID,LIMIT,CANCEL,,15224152350001,354,2872
354,Ag(T+D)@sg,1522415245005,2018-03-30 21:07:25.005000,3593.0,10,BID,LIMIT,PLACE,,15224152450001,355,2899
355,Ag(T+D)@sg,1522415250000,2018-03-30 21:07:30.000000,3593.0,10,BID,LIMIT,CANCEL,,15224152450001,356,2899
356,Ag(T+D)@sg,1522415255005,2018-03-30 21:07:35.005000,3593.0,10,BID,LIMIT,PLACE,,15224152550001,357,2911
357,Ag(T+D)@sg,1522415260000,2018-03-30 21:07:40.000000,3593.0,10,BID,LIMIT,CANCEL,,15224152550001,358,2911
358,Ag(T+D)@sg,1522415265005,2018-03-30 21:07:45.005000,3593.0,10,BID,LIMIT,PLACE,,15224152650001,359,2920
359,Ag(T+D)@sg,1522415270000,2018-03-30 21:07:50.000000,3593.0,10,BID,LIMIT,CANCEL,,15224152650001,360,2920
360,Ag(T+D)@sg,1522415275005,2018-03-30 21:07:55.005000,3593.0,10,BID,LIMIT,PLACE,,15224152750001,361,2934
361,Ag(T+D)@sg,1522415280000,2018-03-30 21:08:00.000000,3593.0,10,BID,LIMIT,CANCEL,,15224152750001,362,2934
362,Ag(T+D)@sg,1522415285005,2018-03-30 21:08:05.005000,3593.0,10,BID,LIMIT,PLACE,,15224152850001,363,2943
363,Ag(T+D)@sg,1522415290000,2018-03-30 21:08:10.000000,3593.0,10,BID,LIMIT,CANCEL,,15224152850001,364,2943
364,Ag(T+D)@sg,1522415295005,2018-03-30 21:08:15.005000,3593.0,10,BID,LIMIT,PLACE,,15224152950001,365,2956
365,Ag(T+D)@sg,1522415300000,2018-03-30 21:08:20.000000,3593.0,10,BID,LIMIT,CANCEL,,15224152950001,366,2956
366,Ag(T+D)@sg,1522415305005,2018-03-30 21:08:25.005000,3593.0,10,BID,LIMIT,PLACE,,15224153050001,367,2966
367,Ag(T+D)@sg,1522415310000,2018-03-30 21:08:30.000000,3593.0,10,BID,LIMIT,CANCEL,,15224153050001,368,2966
368,Ag(T+D)@sg,1522415315005,2018-03-30 21:08:35.005000,3593.0,10,BID,LIMIT,PLACE,,15224153150001,369,2981
369,Ag(T+D)@sg,1522415320000,2018-03-30 21:08:40.000000,3593.0,10,BID,LIMIT,CANCEL,,15224153150001,370,2981
370,Ag(T+D)@sg,1522415325005,2018-03-30 21:08:45.005000,3594.0,10,ASK,LIMIT,PLACE,,15224153250001,371,2991
371,Ag(T+D)@sg,1522415330000,2018-03-30 21:08:50.000000,3594.0,10,ASK,LIMIT,CANCEL,,15224153250001,372,2991
372,Ag(T+D)@sg,1522415335005,2018-03-30 21:08:55.005000,3594.0,10,ASK,LIMIT,PLACE,,15224153350001,373,3001
373,Ag(T+D)@sg,1522415340000,2018-03-30 21:09:00.000000,3594.0,10,ASK,LIMIT,CANCEL,,15224153350001,374,3001
374,Ag(T+D)@sg,1522415345005,2018-03-30 21:09:05.005000,3594.0,10,ASK,LIMIT,PLACE,,15224153450001,375,3013
375,Ag(T+D)@sg,1522415350000,2018-03-30 21:09:10.000000,3594.0,10,ASK,LIMIT,CANCEL,,15224153450001,376,3013
376,Ag(T+D)@sg,1522415355005,2018-03-30 21:09:15.005000,3594.0,10,ASK,LIMIT,PLACE,,15224153550001,377,3019
377,Ag(T+D)@sg,1522415360000,2018-03-30 21:09:20.000000,3594.0,10,ASK,LIMIT,CANCEL,,15224153550001,378,3019
378,Ag(T+D)@sg,1522415365005,2018-03-30 21:09:25.005000,3595.0,10,ASK,LIMIT,PLACE,,15224153650001,379,3028
379,Ag(T+D)@sg,1522415370000,2018-03-30 21:09:30.000000,3595.0,10,ASK,LIMIT,CANCEL,,15224153650001,380,3028
380,Ag(T+D)@sg,1522415375005,2018-03-30 21:09:35.005000,3595.0,10,ASK,LIMIT,PLACE,,15224153750001,381,3034
381,Ag(T+D)@sg,1522415380000,2018-03-30 21:09:40.000000,3595.0,10,ASK,LIMIT,CANCEL,,15224153750001,382,3034
382,Ag(T+D)@sg,1522415385005,2018-03-30 21:09:45.005000,3595.0,10,ASK,LIMIT,PLACE,,15224153850001,383,3041
383,Ag(T+D)@sg,1522415390000,2018-03-30 21:09:50.000000,3595.0,10,ASK,LIMIT,CANCEL,,15224153850001,384,3041
384,Ag(T+D)@sg,1522415395005,2018-03-30 21:09:55.005000,3595.0,10,ASK,LIMIT,PLACE,,15224153950001,385,3048
385,Ag(T+D)@sg,1522415400000,2018-03-30 21:10:00.000000,3595.0,10,ASK,LIMIT,CANCEL,,15224153950001,386,3048
386,Ag(T+D)@sg,1522415405005,2018-03-30 21:10:05.005000,3595.0,10,ASK,LIMIT,PLACE,,15224154050001,387,3057
387,Ag(T+D)@sg,1522415410000,2018-03-30 21:10:10.000000,3595.0,10,ASK,LIMIT,CANCEL,,15224154050001,388,3057
388,Ag(T+D)@sg,1522415480005,2018-03-30 21:11:20.005000,3594.0,10,BID,LIMIT,PLACE,,15224154800001,389,3134
389,Ag(T+D)@sg,1522415485000,2018-03-30 21:11:25.000000,3594.0,10,BID,LIMIT,CANCEL,,15224154800001,390,3134
390,Ag(T+D)@sg,1522415490005,2018-03-30 21:11:30.005000,3595.0,10,BID,LIMIT,PLACE,,15224154900001,391,3146
391,Ag(T+D)@sg,1522415495000,2018-03-30 21:11:35.000000,3595.0,10,BID,LIMIT,CANCEL,,15224154900001,392,3146
392,Ag(T+D)@sg,1522415500005,2018-03-30 21:11:40.005000,3595.0,10,BID,LIMIT,PLACE,,15224155000001,393,3154
393,Ag(T+D)@sg,1522415505000,2018-03-30 21:11:45.000000,3595.0,10,BID,LIMIT,CANCEL,,15224155000001,394,3154
394,Ag(T+D)@sg,1522415510005,2018-03-30 21:11:50.005000,3595.0,10,BID,LIMIT,PLACE,,15224155100001,395,3167
395,Ag(T+D)@sg,1522415515000,2018-03-30 21:11:55.000000,3595.0,10,BID,LIMIT,CANCEL,,15224155100001,396,3167
396,Ag(T+D)@sg,1522415520005,2018-03-30 21:12:00.005000,3595.0,10,BID,LIMIT,PLACE,,15224155200001,397,3177
397,Ag(T+D)@sg,1522415525000,2018-03-30 21:12:05.000000,3595.0,10,BID,LIMIT,CANCEL,,15224155200001,398,3177
398,Ag(T+D)@sg,1522415530005,2018-03-30 21:12:10.005000,3595.0,10,BID,LIMIT,PLACE,,15224155300001,399,3195
399,Ag(T+D)@sg,1522415535005,2018-03-30 21:12:15.005000,3596.0,10,BID,LIMIT,PLACE,,15224155350001,400,3211
400,Ag(T+D)@sg,1522415540005,2018-03-30 21:12:20.005000,3595.0,10,BID,LIMIT,PLACE,,15224155400001,401,3220
401,Ag(T+D)@sg,1522415545000,2018-03-30 21:12:25.000000,3595.0,10,BID,LIMIT,CANCEL,,15224155400001,402,3220
402,Ag(T+D)@sg,1522415550005,2018-03-30 21:12:30.005000,3596.0,10,BID,LIMIT,PLACE,,15224155500001,403,3229
403,Ag(T+D)@sg,1522415555000,2018-03-30 21:12:35.000000,3596.0,10,BID,LIMIT,CANCEL,,15224155500001,404,3229
404,Ag(T+D)@sg,1522415560005,2018-03-30 21:12:40.005000,3596.0,10,BID,LIMIT,PLACE,,15224155600001,405,3244
405,Ag(T+D)@sg,1522415565000,2018-03-30 21:12:45.000000,3596.0,10,BID,LIMIT,CANCEL,,15224155600001,406,3244
406,Ag(T+D)@sg,1522415570005,2018-03-30 21:12:50.005000,3596.0,10,BID,LIMIT,PLACE,,15224155700001,407,3269
407,Ag(T+D)@sg,1522415575000,2018-03-30 21:12:55.000000,3596.0,10,BID,LIMIT,CANCEL,,15224155700001,408,3269
408,Ag(T+D)@sg,1522415580005,2018-03-30 21:13:00.005000,3596.0,10,BID,LIMIT,PLACE,,15224155800001,409,3289
409,Ag(T+D)@sg,1522415585000,2018-03-30 21:13:05.000000,3596.0,10,BID,LIMIT,CANCEL,,15224155800001,410,3289
410,Ag(T+D)@sg,1522415590005,2018-03-30 21:13:10.005000,3596.0,10,BID,LIMIT,PLACE,,15224155900001,411,3299
411,Ag(T+D)@sg,1522415595000,2018-03-30 21:13:15.000000,3596.0,10,BID,LIMIT,CANCEL,,15224155900001,412,3299
412,Ag(T+D)@sg,1522415600005,2018-03-30 21:13:20.005000,3596.0,10,BID,LIMIT,PLACE,,15224156000001,413,3314
413,Ag(T+D)@sg,1522415605000,2018-03-30 21:13:25.000000,3596.0,10,BID,LIMIT,CANCEL,,15224156000001,414,3314
414,Ag(T+D)@sg,1522415610005,2018-03-30 21:13:30.005000,3596.0,10,BID,LIMIT,PLACE,,15224156100001,415,3339
415,Ag(T+D)@sg,1522415615005,2018-03-30 21:13:35.005000,3595.0,10,BID,LIMIT,PLACE,,15224156150001,416,3350
416,Ag(T+D)@sg,1522415620000,2018-03-30 21:13:40.000000,3595.0,10,BID,LIMIT,CANCEL,,15224156150001,417,3350
417,Ag(T+D)@sg,1522415625005,2018-03-30 21:13:45.005000,3596.0,10,BID,LIMIT,PLACE,,15224156250001,418,3367
418,Ag(T+D)@sg,1522415630000,2018-03-30 21:13:50.000000,3596.0,10,BID,LIMIT,CANCEL,,15224156250001,419,3367
419,Ag(T+D)@sg,1522415635005,2018-03-30 21:13:55.005000,3597.0,10,ASK,LIMIT,PLACE,,15224156350001,420,3383
420,Ag(T+D)@sg,1522415640000,2018-03-30 21:14:00.000000,3597.0,10,ASK,LIMIT,CANCEL,,15224156350001,421,3383
421,Ag(T+D)@sg,1522415645005,2018-03-30 21:14:05.005000,3597.0,10,ASK,LIMIT,PLACE,,15224156450001,422,3393
422,Ag(T+D)@sg,1522415650000,2018-03-30 21:14:10.000000,3597.0,10,ASK,LIMIT,CANCEL,,15224156450001,423,3393
423,Ag(T+D)@sg,1522415655005,2018-03-30 21:14:15.005000,3597.0,10,ASK,LIMIT,PLACE,,15224156550001,424,3416
424,Ag(T+D)@sg,1522415660000,2018-03-30 21:14:20.000000,3597.0,10,ASK,LIMIT,CANCEL,,15224156550001,425,3416
425,Ag(T+D)@sg,1522415665005,2018-03-30 21:14:25.005000,3597.0,10,ASK,LIMIT,PLACE,,15224156650001,426,3429
426,Ag(T+D)@sg,1522415670000,2018-03-30 21:14:30.000000,3597.0,10,ASK,LIMIT,CANCEL,,15224156650001,427,3429
427,Ag(T+D)@sg,1522415675005,2018-03-30 21:14:35.005000,3597.0,10,ASK,LIMIT,PLACE,,15224156750001,428,3444
428,Ag(T+D)@sg,1522415680000,2018-03-30 21:14:40.000000,3597.0,10,ASK,LIMIT,CANCEL,,15224156750001,429,3444
429,Ag(T+D)@sg,1522415685005,2018-03-30 21:14:45.005000,3597.0,10,ASK,LIMIT,PLACE,,15224156850001,430,3465
430,Ag(T+D)@sg,1522415690005,2018-03-30 21:14:50.005000,3598.0,10,ASK,LIMIT,PLACE,,15224156900001,431,3478
431,Ag(T+D)@sg,1522415695000,2018-03-30 21:14:55.000000,3598.0,10,ASK,LIMIT,CANCEL,,15224156900001,432,3478
432,Ag(T+D)@sg,1522415700005,2018-03-30 21:15:00.005000,3596.0,10,BID,LIMIT,PLACE,,15224157000001,433,3497
433,Ag(T+D)@sg,1522415705000,2018-03-30 21:15:05.000000,3596.0,10,BID,LIMIT,CANCEL,,15224157000001,434,3497
434,Ag(T+D)@sg,1522415710005,2018-03-30 21:15:10.005000,3595.0,10,BID,LIMIT,PLACE,,15224157100001,435,3516
435,Ag(T+D)@sg,1522415715000,2018-03-30 21:15:15.000000,3595.0,10,BID,LIMIT,CANCEL,,15224157100001,436,3516
436,Ag(T+D)@sg,1522415720005,2018-03-30 21:15:20.005000,3596.0,10,BID,LIMIT,PLACE,,15224157200001,437,3539
437,Ag(T+D)@sg,1522415725000,2018-03-30 21:15:25.000000,3596.0,10,BID,LIMIT,CANCEL,,15224157200001,438,3539
438,Ag(T+D)@sg,1522415730005,2018-03-30 21:15:30.005000,3596.0,10,BID,LIMIT,PLACE,,15224157300001,439,3550
439,Ag(T+D)@sg,1522415735000,2018-03-30 21:15:35.000000,3596.0,10,BID,LIMIT,CANCEL,,15224157300001,440,3550
440,Ag(T+D)@sg,1522415740005,2018-03-30 21:15:40.005000,3596.0,10,BID,LIMIT,PLACE,,15224157400001,441,3560
441,Ag(T+D)@sg,1522415745000,2018-03-30 21:15:45.000000,3596.0,10,BID,LIMIT,CANCEL,,15224157400001,442,3560
442,Ag(T+D)@sg,1522415750005,2018-03-30 21:15:50.005000,3597.0,10,ASK,LIMIT,PLACE,,15224157500001,443,3569
443,Ag(T+D)@sg,1522415755000,2018-03-30 21:15:55.000000,3597.0,10,ASK,LIMIT,CANCEL,,15224157500001,444,3569
444,Ag(T+D)@sg,1522415760005,2018-03-30 21:16:00.005000,3597.0,10,ASK,LIMIT,PLACE,,15224157600001,445,3587
445,Ag(T+D)@sg,1522415765000,2018-03-30 21:16:05.000000,3597.0,10,ASK,LIMIT,CANCEL,,15224157600001,446,3587
446,Ag(T+D)@sg,1522415770005,2018-03-30 21:16:10.005000,3597.0,10,ASK,LIMIT,PLACE,,15224157700001,447,3597
447,Ag(T+D)@sg,1522415775000,2018-03-30 21:16:15.000000,3597.0,10,ASK,LIMIT,CANCEL,,15224157700001,448,3597
448,Ag(T+D)@sg,1522415780005,2018-03-30 21:16:20.005000,3597.0,10,ASK,LIMIT,PLACE,,15224157800001,449,3610
449,Ag(T+D)@sg,1522415785000,2018-03-30 21:16:25.000000,3597.0,10,ASK,LIMIT,CANCEL,,15224157800001,450,3610
450,Ag(T+D)@sg,1522415790005,2018-03-30 21:16:30.005000,3597.0,10,ASK,LIMIT,PLACE,,15224157900001,451,3617
451,Ag(T+D)@sg,1522415795000,2018-03-30 21:16:35.000000,3597.0,10,ASK,LIMIT,CANCEL,,15224157900001,452,3617
452,Ag(T+D)@sg,1522415800005,2018-03-30 21:16:40.005000,3597.0,10,ASK,LIMIT,PLACE,,15224158000001,453,3629
453,Ag(T+D)@sg,1522415805000,2018-03-30 21:16:45.000000,3597.0,10,ASK,LIMIT,CANCEL,,15224158000001,454,3629
454,Ag(T+D)@sg,1522415810005,2018-03-30 21:16:50.005000,3597.0,10,ASK,LIMIT,PLACE,,15224158100001,455,3638
455,Ag(T+D)@sg,1522415815000,2018-03-30 21:16:55.000000,3597.0,10,ASK,LIMIT,CANCEL,,15224158100001,456,3638
456,Ag(T+D)@sg,1522415820005,2018-03-30 21:17:00.005000,3597.0,10,ASK,LIMIT,PLACE,,15224158200001,457,3652
457,Ag(T+D)@sg,1522415825000,2018-03-30 21:17:05.000000,3597.0,10,ASK,LIMIT,CANCEL,,15224158200001,458,3652
458,Ag(T+D)@sg,1522415830005,2018-03-30 21:17:10.005000,3596.0,10,ASK,LIMIT,PLACE,,15224158300001,459,3667
459,Ag(T+D)@sg,1522415835000,2018-03-30 21:17:15.000000,3596.0,10,ASK,LIMIT,CANCEL,,15224158300001,460,3667
460,Ag(T+D)@sg,1522415845005,2018-03-30 21:17:25.005000,3596.0,10,BID,LIMIT,PLACE,,15224158450001,461,3684
461,Ag(T+D)@sg,1522415850000,2018-03-30 21:17:30.000000,3596.0,10,BID,LIMIT,CANCEL,,15224158450001,462,3684
462,Ag(T+D)@sg,1522415855005,2018-03-30 21:17:35.005000,3596.0,10,BID,LIMIT,PLACE,,15224158550001,463,3694
463,Ag(T+D)@sg,1522415860000,2018-03-30 21:17:40.000000,3596.0,10,BID,LIMIT,CANCEL,,15224158550001,464,3694
464,Ag(T+D)@sg,1522415870005,2018-03-30 21:17:50.005000,3596.0,10,BID,LIMIT,PLACE,,15224158700001,465,3725
465,Ag(T+D)@sg,1522415875005,2018-03-30 21:17:55.005000,3595.0,10,BID,LIMIT,PLACE,,15224158750001,466,3732
466,Ag(T+D)@sg,1522415880000,2018-03-30 21:18:00.000000,3595.0,10,BID,LIMIT,CANCEL,,15224158750001,467,3732
467,Ag(T+D)@sg,1522415885005,2018-03-30 21:18:05.005000,3597.0,10,ASK,LIMIT,PLACE,,15224158850001,468,3743
468,Ag(T+D)@sg,1522415890000,2018-03-30 21:18:10.000000,3597.0,10,ASK,LIMIT,CANCEL,,15224158850001,469,3743
469,Ag(T+D)@sg,1522415895005,2018-03-30 21:18:15.005000,3596.0,10,ASK,LIMIT,PLACE,,15224158950001,470,3759
470,Ag(T+D)@sg,1522415900000,2018-03-30 21:18:20.000000,3596.0,10,ASK,LIMIT,CANCEL,,15224158950001,471,3759
471,Ag(T+D)@sg,1522415905005,2018-03-30 21:18:25.005000,3596.0,10,ASK,LIMIT,PLACE,,15224159050001,472,3775
472,Ag(T+D)@sg,1522415910000,2018-03-30 21:18:30.000000,3596.0,10,ASK,LIMIT,CANCEL,,15224159050001,473,3775
473,Ag(T+D)@sg,1522415915005,2018-03-30 21:18:35.005000,3596.0,10,ASK,LIMIT,PLACE,,15224159150001,474,3791
474,Ag(T+D)@sg,1522415920000,2018-03-30 21:18:40.000000,3596.0,10,ASK,LIMIT,CANCEL,,15224159150001,475,3791
475,Ag(T+D)@sg,1522415925005,2018-03-30 21:18:45.005000,3596.0,10,ASK,LIMIT,PLACE,,15224159250001,476,3800
476,Ag(T+D)@sg,1522415930000,2018-03-30 21:18:50.000000,3596.0,10,ASK,LIMIT,CANCEL,,15224159250001,477,3800
477,Ag(T+D)@sg,1522415935005,2018-03-30 21:18:55.005000,3596.0,10,ASK,LIMIT,PLACE,,15224159350001,478,3806
478,Ag(T+D)@sg,1522415940000,2018-03-30 21:19:00.000000,3596.0,10,ASK,LIMIT,CANCEL,,15224159350001,479,3806
479,Ag(T+D)@sg,1522415945005,2018-03-30 21:19:05.005000,3596.0,10,ASK,LIMIT,PLACE,,15224159450001,480,3813
480,Ag(T+D)@sg,1522415950000,2018-03-30 21:19:10.000000,3596.0,10,ASK,LIMIT,CANCEL,,15224159450001,481,3813
481,Ag(T+D)@sg,1522415955005,2018-03-30 21:19:15.005000,3596.0,10,ASK,LIMIT,PLACE,,15224159550001,482,3820
482,Ag(T+D)@sg,1522415960000,2018-03-30 21:19:20.000000,3596.0,10,ASK,LIMIT,CANCEL,,15224159550001,483,3820
483,Ag(T+D)@sg,1522415965005,2018-03-30 21:19:25.005000,3596.0,10,ASK,LIMIT,PLACE,,15224159650001,484,3827
484,Ag(T+D)@sg,1522415970000,2018-03-30 21:19:30.000000,3596.0,10,ASK,LIMIT,CANCEL,,15224159650001,485,3827
485,Ag(T+D)@sg,1522415975005,2018-03-30 21:19:35.005000,3596.0,10,ASK,LIMIT,PLACE,,15224159750001,486,3840
486,Ag(T+D)@sg,1522415980000,2018-03-30 21:19:40.000000,3596.0,10,ASK,LIMIT,CANCEL,,15224159750001,487,3840
487,Ag(T+D)@sg,1522415985005,2018-03-30 21:19:45.005000,3596.0,10,ASK,LIMIT,PLACE,,15224159850001,488,3849
488,Ag(T+D)@sg,1522415990000,2018-03-30 21:19:50.000000,3596.0,10,ASK,LIMIT,CANCEL,,15224159850001,489,3849
489,Ag(T+D)@sg,1522415995005,2018-03-30 21:19:55.005000,3596.0,10,ASK,LIMIT,PLACE,,15224159950001,490,3858
490,Ag(T+D)@sg,1522416000000,2018-03-30 21:20:00.000000,3596.0,10,ASK,LIMIT,CANCEL,,15224159950001,491,3858
491,Ag(T+D)@sg,1522416005005,2018-03-30 21:20:05.005000,3596.0,10,ASK,LIMIT,PLACE,,15224160050001,492,3864
492,Ag(T+D)@sg,1522416010000,2018-03-30 21:20:10.000000,3596.0,10,ASK,LIMIT,CANCEL,,15224160050001,493,3864
493,Ag(T+D)@sg,1522416015005,2018-03-30 21:20:15.005000,3596.0,10,ASK,LIMIT,PLACE,,15224160150001,494,3881
494,Ag(T+D)@sg,1522416020000,2018-03-30 21:20:20.000000,3596.0,10,ASK,LIMIT,CANCEL,,15224160150001,495,3881
495,Ag(T+D)@sg,1522416025005,2018-03-30 21:20:25.005000,3595.0,10,ASK,LIMIT,PLACE,,15224160250001,496,3896
496,Ag(T+D)@sg,1522416030000,2018-03-30 21:20:30.000000,3595.0,10,ASK,LIMIT,CANCEL,,15224160250001,497,3896
497,Ag(T+D)@sg,1522416035005,2018-03-30 21:20:35.005000,3595.0,10,ASK,LIMIT,PLACE,,15224160350001,498,3908
498,Ag(T+D)@sg,1522416040000,2018-03-30 21:20:40.000000,3595.0,10,ASK,LIMIT,CANCEL,,15224160350001,499,3908
499,Ag(T+D)@sg,1522416045005,2018-03-30 21:20:45.005000,3595.0,10,ASK,LIMIT,PLACE,,15224160450001,500,3923
500,Ag(T+D)@sg,1522416050000,2018-03-30 21:20:50.000000,3595.0,10,ASK,LIMIT,CANCEL,,15224160450001,501,3923
501,Ag(T+D)@sg,1522416055005,2018-03-30 21:20:55.005000,3595.0,10,ASK,LIMIT,PLACE,,15224160550001,502,3935
502,Ag(T+D)@sg,1522416060000,2018-03-30 21:21:00.000000,3595.0,10,ASK,LIMIT,CANCEL,,15224160550001,503,3935
503,Ag(T+D)@sg,1522416065005,2018-03-30 21:21:05.005000,3595.0,10,ASK,LIMIT,PLACE,,15224160650001,504,3947
504,Ag(T+D)@sg,1522416070000,2018-03-30 21:21:10.000000,3595.0,10,ASK,LIMIT,CANCEL,,15224160650001,505,3947
505,Ag(T+D)@sg,1522416075005,2018-03-30 21:21:15.005000,3595.0,10,ASK,LIMIT,PLACE,,15224160750001,506,3953
506,Ag(T+D)@sg,1522416080000,2018-03-30 21:21:20.000000,3595.0,10,ASK,LIMIT,CANCEL,,15224160750001,507,3953
507,Ag(T+D)@sg,1522416085005,2018-03-30 21:21:25.005000,3595.0,10,ASK,LIMIT,PLACE,,15224160850001,508,3959
508,Ag(T+D)@sg,1522416090000,2018-03-30 21:21:30.000000,3595.0,10,ASK,LIMIT,CANCEL,,15224160850001,509,3959
509,Ag(T+D)@sg,1522416095005,2018-03-30 21:21:35.005000,3595.0,10,ASK,LIMIT,PLACE,,15224160950001,510,3965
510,Ag(T+D)@sg,1522416100000,2018-03-30 21:21:40.000000,3595.0,10,ASK,LIMIT,CANCEL,,15224160950001,511,3965
511,Ag(T+D)@sg,1522416105005,2018-03-30 21:21:45.005000,3595.0,10,ASK,LIMIT,PLACE,,15224161050001,512,3974
512,Ag(T+D)@sg,1522416110000,2018-03-30 21:21:50.000000,3595.0,10,ASK,LIMIT,CANCEL,,15224161050001,513,3974
513,Ag(T+D)@sg,1522416115005,2018-03-30 21:21:55.005000,3595.0,10,ASK,LIMIT,PLACE,,15224161150001,514,3982
514,Ag(T+D)@sg,1522416120000,2018-03-30 21:22:00.000000,3595.0,10,ASK,LIMIT,CANCEL,,15224161150001,515,3982
515,Ag(T+D)@sg,1522416125005,2018-03-30 21:22:05.005000,3595.0,10,ASK,LIMIT,PLACE,,15224161250001,516,3991
516,Ag(T+D)@sg,1522416130000,2018-03-30 21:22:10.000000,3595.0,10,ASK,LIMIT,CANCEL,,15224161250001,517,3991
517,Ag(T+D)@sg,1522416135005,2018-03-30 21:22:15.005000,3595.0,10,ASK,LIMIT,PLACE,,15224161350001,518,3999
518,Ag(T+D)@sg,1522416140000,2018-03-30 21:22:20.000000,3595.0,10,ASK,LIMIT,CANCEL,,15224161350001,519,3999
519,Ag(T+D)@sg,1522416145005,2018-03-30 21:22:25.005000,3595.0,10,ASK,LIMIT,PLACE,,15224161450001,520,4008
520,Ag(T+D)@sg,1522416150000,2018-03-30 21:22:30.000000,3595.0,10,ASK,LIMIT,CANCEL,,15224161450001,521,4008
521,Ag(T+D)@sg,1522416155005,2018-03-30 21:22:35.005000,3595.0,10,ASK,LIMIT,PLACE,,15224161550001,522,4014
522,Ag(T+D)@sg,1522416160000,2018-03-30 21:22:40.000000,3595.0,10,ASK,LIMIT,CANCEL,,15224161550001,523,4014
523,Ag(T+D)@sg,1522416165005,2018-03-30 21:22:45.005000,3595.0,10,ASK,LIMIT,PLACE,,15224161650001,524,4023
524,Ag(T+D)@sg,1522416170000,2018-03-30 21:22:50.000000,3595.0,10,ASK,LIMIT,CANCEL,,15224161650001,525,4023
525,Ag(T+D)@sg,1522416175005,2018-03-30 21:22:55.005000,3595.0,10,ASK,LIMIT,PLACE,,15224161750001,526,4029
526,Ag(T+D)@sg,1522416180000,2018-03-30 21:23:00.000000,3595.0,10,ASK,LIMIT,CANCEL,,15224161750001,527,4029
527,Ag(T+D)@sg,1522416185005,2018-03-30 21:23:05.005000,3595.0,10,ASK,LIMIT,PLACE,,15224161850001,528,4038
528,Ag(T+D)@sg,1522416190000,2018-03-30 21:23:10.000000,3595.0,10,ASK,LIMIT,CANCEL,,15224161850001,529,4038
529,Ag(T+D)@sg,1522416195005,2018-03-30 21:23:15.005000,3595.0,10,ASK,LIMIT,PLACE,,15224161950001,530,4047
530,Ag(T+D)@sg,1522416200000,2018-03-30 21:23:20.000000,3595.0,10,ASK,LIMIT,CANCEL,,15224161950001,531,4047
531,Ag(T+D)@sg,1522416205005,2018-03-30 21:23:25.005000,3595.0,10,ASK,LIMIT,PLACE,,15224162050001,532,4053
532,Ag(T+D)@sg,1522416210000,2018-03-30 21:23:30.000000,3595.0,10,ASK,LIMIT,CANCEL,,15224162050001,533,4053
533,Ag(T+D)@sg,1522416215005,2018-03-30 21:23:35.005000,3595.0,10,ASK,LIMIT,PLACE,,15224162150001,534,4059
534,Ag(T+D)@sg,1522416220000,2018-03-30 21:23:40.000000,3595.0,10,ASK,LIMIT,CANCEL,,15224162150001,535,4059
535,Ag(T+D)@sg,1522416225005,2018-03-30 21:23:45.005000,3595.0,10,ASK,LIMIT,PLACE,,15224162250001,536,4068
536,Ag(T+D)@sg,1522416230000,2018-03-30 21:23:50.000000,3595.0,10,ASK,LIMIT,CANCEL,,15224162250001,537,4068
537,Ag(T+D)@sg,1522416235005,2018-03-30 21:23:55.005000,3595.0,10,ASK,LIMIT,PLACE,,15224162350001,538,4077
538,Ag(T+D)@sg,1522416240000,2018-03-30 21:24:00.000000,3595.0,10,ASK,LIMIT,CANCEL,,15224162350001,539,4077
539,Ag(T+D)@sg,1522416245005,2018-03-30 21:24:05.005000,3595.0,10,ASK,LIMIT,PLACE,,15224162450001,540,4089
540,Ag(T+D)@sg,1522416250000,2018-03-30 21:24:10.000000,3595.0,10,ASK,LIMIT,CANCEL,,15224162450001,541,4089
541,Ag(T+D)@sg,1522416255005,2018-03-30 21:24:15.005000,3595.0,10,ASK,LIMIT,PLACE,,15224162550001,542,4095
542,Ag(T+D)@sg,1522416260000,2018-03-30 21:24:20.000000,3595.0,10,ASK,LIMIT,CANCEL,,15224162550001,543,4095
543,Ag(T+D)@sg,1522416265005,2018-03-30 21:24:25.005000,3595.0,10,ASK,LIMIT,PLACE,,15224162650001,544,4101
544,Ag(T+D)@sg,1522416270000,2018-03-30 21:24:30.000000,3595.0,10,ASK,LIMIT,CANCEL,,15224162650001,545,4101
545,Ag(T+D)@sg,1522416275005,2018-03-30 21:24:35.005000,3595.0,10,ASK,LIMIT,PLACE,,15224162750001,546,4110
546,Ag(T+D)@sg,1522416280000,2018-03-30 21:24:40.000000,3595.0,10,ASK,LIMIT,CANCEL,,15224162750001,547,4110
547,Ag(T+D)@sg,1522416285005,2018-03-30 21:24:45.005000,3595.0,10,ASK,LIMIT,PLACE,,15224162850001,548,4117
548,Ag(T+D)@sg,1522416290000,2018-03-30 21:24:50.000000,3595.0,10,ASK,LIMIT,CANCEL,,15224162850001,549,4117
549,Ag(T+D)@sg,1522416295005,2018-03-30 21:24:55.005000,3595.0,10,ASK,LIMIT,PLACE,,15224162950001,550,4130
550,Ag(T+D)@sg,1522416300000,2018-03-30 21:25:00.000000,3595.0,10,ASK,LIMIT,CANCEL,,15224162950001,551,4130
551,Ag(T+D)@sg,1522416310005,2018-03-30 21:25:10.005000,3595.0,10,ASK,LIMIT,PLACE,,15224163100001,552,4139
552,Ag(T+D)@sg,1522416315000,2018-03-30 21:25:15.000000,3595.0,10,ASK,LIMIT,CANCEL,,15224163100001,553,4139
553,Ag(T+D)@sg,1522416320005,2018-03-30 21:25:20.005000,3595.0,10,ASK,LIMIT,PLACE,,15224163200001,554,4145
554,Ag(T+D)@sg,1522416325000,2018-03-30 21:25:25.000000,3595.0,10,ASK,LIMIT,CANCEL,,15224163200001,555,4145
555,Ag(T+D)@sg,1522416330005,2018-03-30 21:25:30.005000,3595.0,10,ASK,LIMIT,PLACE,,15224163300001,556,4160
556,Ag(T+D)@sg,1522416335000,2018-03-30 21:25:35.000000,3595.0,10,ASK,LIMIT,CANCEL,,15224163300001,557,4160
557,Ag(T+D)@sg,1522416340005,2018-03-30 21:25:40.005000,3595.0,10,ASK,LIMIT,PLACE,,15224163400001,558,4175
558,Ag(T+D)@sg,1522416345000,2018-03-30 21:25:45.000000,3595.0,10,ASK,LIMIT,CANCEL,,15224163400001,559,4175
559,Ag(T+D)@sg,1522416350005,2018-03-30 21:25:50.005000,3595.0,10,ASK,LIMIT,PLACE,,15224163500001,560,4187
560,Ag(T+D)@sg,1522416355000,2018-03-30 21:25:55.000000,3595.0,10,ASK,LIMIT,CANCEL,,15224163500001,561,4187
561,Ag(T+D)@sg,1522416360005,2018-03-30 21:26:00.005000,3596.0,10,ASK,LIMIT,PLACE,,15224163600001,562,4210
562,Ag(T+D)@sg,1522416365000,2018-03-30 21:26:05.000000,3596.0,10,ASK,LIMIT,CANCEL,,15224163600001,563,4210
563,Ag(T+D)@sg,1522416370005,2018-03-30 21:26:10.005000,3596.0,10,ASK,LIMIT,PLACE,,15224163700001,564,4216
564,Ag(T+D)@sg,1522416375000,2018-03-30 21:26:15.000000,3596.0,10,ASK,LIMIT,CANCEL,,15224163700001,565,4216
565,Ag(T+D)@sg,1522416380005,2018-03-30 21:26:20.005000,3595.0,10,BID,LIMIT,PLACE,,15224163800001,566,4225
566,Ag(T+D)@sg,1522416385000,2018-03-30 21:26:25.000000,3595.0,10,BID,LIMIT,CANCEL,,15224163800001,567,4225
567,Ag(T+D)@sg,1522416390005,2018-03-30 21:26:30.005000,3595.0,10,BID,LIMIT,PLACE,,15224163900001,568,4231
568,Ag(T+D)@sg,1522416395000,2018-03-30 21:26:35.000000,3595.0,10,BID,LIMIT,CANCEL,,15224163900001,569,4231
569,Ag(T+D)@sg,1522416400005,2018-03-30 21:26:40.005000,3595.0,10,BID,LIMIT,PLACE,,15224164000001,570,4240
570,Ag(T+D)@sg,1522416405000,2018-03-30 21:26:45.000000,3595.0,10,BID,LIMIT,CANCEL,,15224164000001,571,4240
571,Ag(T+D)@sg,1522416410005,2018-03-30 21:26:50.005000,3595.0,10,BID,LIMIT,PLACE,,15224164100001,572,4252
572,Ag(T+D)@sg,1522416415000,2018-03-30 21:26:55.000000,3595.0,10,BID,LIMIT,CANCEL,,15224164100001,573,4252
573,Ag(T+D)@sg,1522416420005,2018-03-30 21:27:00.005000,3595.0,10,BID,LIMIT,PLACE,,15224164200001,574,4261
574,Ag(T+D)@sg,1522416425000,2018-03-30 21:27:05.000000,3595.0,10,BID,LIMIT,CANCEL,,15224164200001,575,4261
575,Ag(T+D)@sg,1522416430005,2018-03-30 21:27:10.005000,3595.0,10,BID,LIMIT,PLACE,,15224164300001,576,4267
576,Ag(T+D)@sg,1522416435000,2018-03-30 21:27:15.000000,3595.0,10,BID,LIMIT,CANCEL,,15224164300001,577,4267
577,Ag(T+D)@sg,1522416440005,2018-03-30 21:27:20.005000,3595.0,10,BID,LIMIT,PLACE,,15224164400001,578,4273
578,Ag(T+D)@sg,1522416445000,2018-03-30 21:27:25.000000,3595.0,10,BID,LIMIT,CANCEL,,15224164400001,579,4273
579,Ag(T+D)@sg,1522416450005,2018-03-30 21:27:30.005000,3595.0,10,BID,LIMIT,PLACE,,15224164500001,580,4279
580,Ag(T+D)@sg,1522416455000,2018-03-30 21:27:35.000000,3595.0,10,BID,LIMIT,CANCEL,,15224164500001,581,4279
581,Ag(T+D)@sg,1522416460005,2018-03-30 21:27:40.005000,3595.0,10,BID,LIMIT,PLACE,,15224164600001,582,4285
582,Ag(T+D)@sg,1522416465000,2018-03-30 21:27:45.000000,3595.0,10,BID,LIMIT,CANCEL,,15224164600001,583,4285
583,Ag(T+D)@sg,1522416470005,2018-03-30 21:27:50.005000,3595.0,10,BID,LIMIT,PLACE,,15224164700001,584,4291
584,Ag(T+D)@sg,1522416475000,2018-03-30 21:27:55.000000,3595.0,10,BID,LIMIT,CANCEL,,15224164700001,585,4291
585,Ag(T+D)@sg,1522416480005,2018-03-30 21:28:00.005000,3595.0,10,BID,LIMIT,PLACE,,15224164800001,586,4297
586,Ag(T+D)@sg,1522416485000,2018-03-30 21:28:05.000000,3595.0,10,BID,LIMIT,CANCEL,,15224164800001,587,4297
587,Ag(T+D)@sg,1522416490005,2018-03-30 21:28:10.005000,3595.0,10,BID,LIMIT,PLACE,,15224164900001,588,4303
588,Ag(T+D)@sg,1522416495000,2018-03-30 21:28:15.000000,3595.0,10,BID,LIMIT,CANCEL,,15224164900001,589,4303
589,Ag(T+D)@sg,1522416500005,2018-03-30 21:28:20.005000,3595.0,10,BID,LIMIT,PLACE,,15224165000001,590,4312
590,Ag(T+D)@sg,1522416505000,2018-03-30 21:28:25.000000,3595.0,10,BID,LIMIT,CANCEL,,15224165000001,591,4312
591,Ag(T+D)@sg,1522416510005,2018-03-30 21:28:30.005000,3595.0,10,BID,LIMIT,PLACE,,15224165100001,592,4318
592,Ag(T+D)@sg,1522416515000,2018-03-30 21:28:35.000000,3595.0,10,BID,LIMIT,CANCEL,,15224165100001,593,4318
593,Ag(T+D)@sg,1522416520005,2018-03-30 21:28:40.005000,3596.0,10,ASK,LIMIT,PLACE,,15224165200001,594,4324
594,Ag(T+D)@sg,1522416525000,2018-03-30 21:28:45.000000,3596.0,10,ASK,LIMIT,CANCEL,,15224165200001,595,4324
595,Ag(T+D)@sg,1522416530005,2018-03-30 21:28:50.005000,3596.0,10,ASK,LIMIT,PLACE,,15224165300001,596,4333
596,Ag(T+D)@sg,1522416535000,2018-03-30 21:28:55.000000,3596.0,10,ASK,LIMIT,CANCEL,,15224165300001,597,4333
597,Ag(T+D)@sg,1522416540005,2018-03-30 21:29:00.005000,3596.0,10,ASK,LIMIT,PLACE,,15224165400001,598,4342
598,Ag(T+D)@sg,1522416545000,2018-03-30 21:29:05.000000,3596.0,10,ASK,LIMIT,CANCEL,,15224165400001,599,4342
599,Ag(T+D)@sg,1522416550005,2018-03-30 21:29:10.005000,3596.0,10,ASK,LIMIT,PLACE,,15224165500001,600,4351
600,Ag(T+D)@sg,1522416555000,2018-03-30 21:29:15.000000,3596.0,10,ASK,LIMIT,CANCEL,,15224165500001,601,4351
601,Ag(T+D)@sg,1522416560005,2018-03-30 21:29:20.005000,3596.0,10,ASK,LIMIT,PLACE,,15224165600001,602,4360
602,Ag(T+D)@sg,1522416565000,2018-03-30 21:29:25.000000,3596.0,10,ASK,LIMIT,CANCEL,,15224165600001,603,4360
603,Ag(T+D)@sg,1522416570005,2018-03-30 21:29:30.005000,3596.0,10,ASK,LIMIT,PLACE,,15224165700001,604,4367
604,Ag(T+D)@sg,1522416575000,2018-03-30 21:29:35.000000,3596.0,10,ASK,LIMIT,CANCEL,,15224165700001,605,4367
605,Ag(T+D)@sg,1522416580005,2018-03-30 21:29:40.005000,3596.0,10,ASK,LIMIT,PLACE,,15224165800001,606,4388
606,Ag(T+D)@sg,1522416585000,2018-03-30 21:29:45.000000,3596.0,10,ASK,LIMIT,CANCEL,,15224165800001,607,4388
607,Ag(T+D)@sg,1522416590005,2018-03-30 21:29:50.005000,3596.0,10,ASK,LIMIT,PLACE,,15224165900001,608,4397
608,Ag(T+D)@sg,1522416595000,2018-03-30 21:29:55.000000,3596.0,10,ASK,LIMIT,CANCEL,,15224165900001,609,4397
609,Ag(T+D)@sg,1522416600005,2018-03-30 21:30:00.005000,3596.0,10,ASK,LIMIT,PLACE,,15224166000001,610,4408
610,Ag(T+D)@sg,1522416605000,2018-03-30 21:30:05.000000,3596.0,10,ASK,LIMIT,CANCEL,,15224166000001,611,4408
611,Ag(T+D)@sg,1522416610005,2018-03-30 21:30:10.005000,3596.0,10,ASK,LIMIT,PLACE,,15224166100001,612,4417
612,Ag(T+D)@sg,1522416615000,2018-03-30 21:30:15.000000,3596.0,10,ASK,LIMIT,CANCEL,,15224166100001,613,4417
613,Ag(T+D)@sg,1522416620005,2018-03-30 21:30:20.005000,3596.0,10,ASK,LIMIT,PLACE,,15224166200001,614,4432
614,Ag(T+D)@sg,1522416625000,2018-03-30 21:30:25.000000,3596.0,10,ASK,LIMIT,CANCEL,,15224166200001,615,4432
615,Ag(T+D)@sg,1522416640005,2018-03-30 21:30:40.005000,3594.0,10,BID,LIMIT,PLACE,,15224166400001,616,4449
616,Ag(T+D)@sg,1522416645000,2018-03-30 21:30:45.000000,3594.0,10,BID,LIMIT,CANCEL,,15224166400001,617,4449
617,Ag(T+D)@sg,1522416650005,2018-03-30 21:30:50.005000,3594.0,10,BID,LIMIT,PLACE,,15224166500001,618,4458
618,Ag(T+D)@sg,1522416655000,2018-03-30 21:30:55.000000,3594.0,10,BID,LIMIT,CANCEL,,15224166500001,619,4458
619,Ag(T+D)@sg,1522416660005,2018-03-30 21:31:00.005000,3594.0,10,BID,LIMIT,PLACE,,15224166600001,620,4470
620,Ag(T+D)@sg,1522416665000,2018-03-30 21:31:05.000000,3594.0,10,BID,LIMIT,CANCEL,,15224166600001,621,4470
621,Ag(T+D)@sg,1522416670005,2018-03-30 21:31:10.005000,3594.0,10,BID,LIMIT,PLACE,,15224166700001,622,4482
622,Ag(T+D)@sg,1522416675000,2018-03-30 21:31:15.000000,3594.0,10,BID,LIMIT,CANCEL,,15224166700001,623,4482
623,Ag(T+D)@sg,1522416680005,2018-03-30 21:31:20.005000,3594.0,10,BID,LIMIT,PLACE,,15224166800001,624,4488
624,Ag(T+D)@sg,1522416685000,2018-03-30 21:31:25.000000,3594.0,10,BID,LIMIT,CANCEL,,15224166800001,625,4488
625,Ag(T+D)@sg,1522416690005,2018-03-30 21:31:30.005000,3594.0,10,BID,LIMIT,PLACE,,15224166900001,626,4497
626,Ag(T+D)@sg,1522416695000,2018-03-30 21:31:35.000000,3594.0,10,BID,LIMIT,CANCEL,,15224166900001,627,4497
627,Ag(T+D)@sg,1522416700005,2018-03-30 21:31:40.005000,3595.0,10,ASK,LIMIT,PLACE,,15224167000001,628,4506
628,Ag(T+D)@sg,1522416705000,2018-03-30 21:31:45.000000,3595.0,10,ASK,LIMIT,CANCEL,,15224167000001,629,4506
629,Ag(T+D)@sg,1522416710005,2018-03-30 21:31:50.005000,3595.0,10,ASK,LIMIT,PLACE,,15224167100001,630,4512
630,Ag(T+D)@sg,1522416715000,2018-03-30 21:31:55.000000,3595.0,10,ASK,LIMIT,CANCEL,,15224167100001,631,4512
631,Ag(T+D)@sg,1522416720005,2018-03-30 21:32:00.005000,3595.0,10,ASK,LIMIT,PLACE,,15224167200001,632,4521
632,Ag(T+D)@sg,1522416725000,2018-03-30 21:32:05.000000,3595.0,10,ASK,LIMIT,CANCEL,,15224167200001,633,4521
633,Ag(T+D)@sg,1522416730005,2018-03-30 21:32:10.005000,3595.0,10,ASK,LIMIT,PLACE,,15224167300001,634,4531
634,Ag(T+D)@sg,1522416735000,2018-03-30 21:32:15.000000,3595.0,10,ASK,LIMIT,CANCEL,,15224167300001,635,4531
635,Ag(T+D)@sg,1522416740005,2018-03-30 21:32:20.005000,3595.0,10,ASK,LIMIT,PLACE,,15224167400001,636,4538
636,Ag(T+D)@sg,1522416745000,2018-03-30 21:32:25.000000,3595.0,10,ASK,LIMIT,CANCEL,,15224167400001,637,4538
637,Ag(T+D)@sg,1522416750005,2018-03-30 21:32:30.005000,3595.0,10,ASK,LIMIT,PLACE,,15224167500001,638,4550
638,Ag(T+D)@sg,1522416755000,2018-03-30 21:32:35.000000,3595.0,10,ASK,LIMIT,CANCEL,,15224167500001,639,4550
639,Ag(T+D)@sg,1522416760005,2018-03-30 21:32:40.005000,3595.0,10,ASK,LIMIT,PLACE,,15224167600001,640,4556
640,Ag(T+D)@sg,1522416765000,2018-03-30 21:32:45.000000,3595.0,10,ASK,LIMIT,CANCEL,,15224167600001,641,4556
641,Ag(T+D)@sg,1522416770005,2018-03-30 21:32:50.005000,3595.0,10,ASK,LIMIT,PLACE,,15224167700001,642,4565
642,Ag(T+D)@sg,1522416775000,2018-03-30 21:32:55.000000,3595.0,10,ASK,LIMIT,CANCEL,,15224167700001,643,4565
643,Ag(T+D)@sg,1522416780005,2018-03-30 21:33:00.005000,3596.0,10,ASK,LIMIT,PLACE,,15224167800001,644,4576
644,Ag(T+D)@sg,1522416785000,2018-03-30 21:33:05.000000,3596.0,10,ASK,LIMIT,CANCEL,,15224167800001,645,4576
645,Ag(T+D)@sg,1522416790005,2018-03-30 21:33:10.005000,3596.0,10,ASK,LIMIT,PLACE,,15224167900001,646,4584
646,Ag(T+D)@sg,1522416795000,2018-03-30 21:33:15.000000,3596.0,10,ASK,LIMIT,CANCEL,,15224167900001,647,4584
647,Ag(T+D)@sg,1522416800005,2018-03-30 21:33:20.005000,3596.0,10,ASK,LIMIT,PLACE,,15224168000001,648,4594
648,Ag(T+D)@sg,1522416805000,2018-03-30 21:33:25.000000,3596.0,10,ASK,LIMIT,CANCEL,,15224168000001,649,4594
649,Ag(T+D)@sg,1522416810005,2018-03-30 21:33:30.005000,3596.0,10,ASK,LIMIT,PLACE,,15224168100001,650,4604
650,Ag(T+D)@sg,1522416815000,2018-03-30 21:33:35.000000,3596.0,10,ASK,LIMIT,CANCEL,,15224168100001,651,4604
651,Ag(T+D)@sg,1522416820005,2018-03-30 21:33:40.005000,3596.0,10,ASK,LIMIT,PLACE,,15224168200001,652,4614
652,Ag(T+D)@sg,1522416825000,2018-03-30 21:33:45.000000,3596.0,10,ASK,LIMIT,CANCEL,,15224168200001,653,4614
653,Ag(T+D)@sg,1522416830005,2018-03-30 21:33:50.005000,3596.0,10,ASK,LIMIT,PLACE,,15224168300001,654,4621
654,Ag(T+D)@sg,1522416835000,2018-03-30 21:33:55.000000,3596.0,10,ASK,LIMIT,CANCEL,,15224168300001,655,4621
655,Ag(T+D)@sg,1522416845005,2018-03-30 21:34:05.005000,3595.0,10,BID,LIMIT,PLACE,,15224168450001,656,4634
656,Ag(T+D)@sg,1522416850000,2018-03-30 21:34:10.000000,3595.0,10,BID,LIMIT,CANCEL,,15224168450001,657,4634
657,Ag(T+D)@sg,1522416855005,2018-03-30 21:34:15.005000,3595.0,10,BID,LIMIT,PLACE,,15224168550001,658,4649
658,Ag(T+D)@sg,1522416860000,2018-03-30 21:34:20.000000,3595.0,10,BID,LIMIT,CANCEL,,15224168550001,659,4649
659,Ag(T+D)@sg,1522416865005,2018-03-30 21:34:25.005000,3595.0,10,BID,LIMIT,PLACE,,15224168650001,660,4655
660,Ag(T+D)@sg,1522416870000,2018-03-30 21:34:30.000000,3595.0,10,BID,LIMIT,CANCEL,,15224168650001,661,4655
661,Ag(T+D)@sg,1522416875005,2018-03-30 21:34:35.005000,3596.0,10,BID,LIMIT,PLACE,,15224168750001,662,4667
662,Ag(T+D)@sg,1522416880000,2018-03-30 21:34:40.000000,3596.0,10,BID,LIMIT,CANCEL,,15224168750001,663,4667
663,Ag(T+D)@sg,1522416885005,2018-03-30 21:34:45.005000,3596.0,10,BID,LIMIT,PLACE,,15224168850001,664,4673
664,Ag(T+D)@sg,1522416890000,2018-03-30 21:34:50.000000,3596.0,10,BID,LIMIT,CANCEL,,15224168850001,665,4673
665,Ag(T+D)@sg,1522416895005,2018-03-30 21:34:55.005000,3596.0,10,BID,LIMIT,PLACE,,15224168950001,666,4685
666,Ag(T+D)@sg,1522416900000,2018-03-30 21:35:00.000000,3596.0,10,BID,LIMIT,CANCEL,,15224168950001,667,4685
667,Ag(T+D)@sg,1522416905005,2018-03-30 21:35:05.005000,3596.0,10,BID,LIMIT,PLACE,,15224169050001,668,4691
668,Ag(T+D)@sg,1522416910000,2018-03-30 21:35:10.000000,3596.0,10,BID,LIMIT,CANCEL,,15224169050001,669,4691
669,Ag(T+D)@sg,1522416915005,2018-03-30 21:35:15.005000,3596.0,10,BID,LIMIT,PLACE,,15224169150001,670,4704
670,Ag(T+D)@sg,1522416920000,2018-03-30 21:35:20.000000,3596.0,10,BID,LIMIT,CANCEL,,15224169150001,671,4704
671,Ag(T+D)@sg,1522416925005,2018-03-30 21:35:25.005000,3596.0,10,BID,LIMIT,PLACE,,15224169250001,672,4714
672,Ag(T+D)@sg,1522416930000,2018-03-30 21:35:30.000000,3596.0,10,BID,LIMIT,CANCEL,,15224169250001,673,4714
673,Ag(T+D)@sg,1522416935005,2018-03-30 21:35:35.005000,3596.0,10,BID,LIMIT,PLACE,,15224169350001,674,4723
674,Ag(T+D)@sg,1522416940000,2018-03-30 21:35:40.000000,3596.0,10,BID,LIMIT,CANCEL,,15224169350001,675,4723
675,Ag(T+D)@sg,1522416945005,2018-03-30 21:35:45.005000,3596.0,10,BID,LIMIT,PLACE,,15224169450001,676,4729
676,Ag(T+D)@sg,1522416950000,2018-03-30 21:35:50.000000,3596.0,10,BID,LIMIT,CANCEL,,15224169450001,677,4729
677,Ag(T+D)@sg,1522416955005,2018-03-30 21:35:55.005000,3597.0,10,ASK,LIMIT,PLACE,,15224169550001,678,4738
678,Ag(T+D)@sg,1522416960000,2018-03-30 21:36:00.000000,3597.0,10,ASK,LIMIT,CANCEL,,15224169550001,679,4738
679,Ag(T+D)@sg,1522416965005,2018-03-30 21:36:05.005000,3597.0,10,ASK,LIMIT,PLACE,,15224169650001,680,4747
680,Ag(T+D)@sg,1522416970000,2018-03-30 21:36:10.000000,3597.0,10,ASK,LIMIT,CANCEL,,15224169650001,681,4747
681,Ag(T+D)@sg,1522416975005,2018-03-30 21:36:15.005000,3597.0,10,ASK,LIMIT,PLACE,,15224169750001,682,4765
682,Ag(T+D)@sg,1522416980000,2018-03-30 21:36:20.000000,3597.0,10,ASK,LIMIT,CANCEL,,15224169750001,683,4765
683,Ag(T+D)@sg,1522416985005,2018-03-30 21:36:25.005000,3597.0,10,ASK,LIMIT,PLACE,,15224169850001,684,4779
684,Ag(T+D)@sg,1522416990000,2018-03-30 21:36:30.000000,3597.0,10,ASK,LIMIT,CANCEL,,15224169850001,685,4779
685,Ag(T+D)@sg,1522416995005,2018-03-30 21:36:35.005000,3597.0,10,ASK,LIMIT,PLACE,,15224169950001,686,4794
686,Ag(T+D)@sg,1522417000000,2018-03-30 21:36:40.000000,3597.0,10,ASK,LIMIT,CANCEL,,15224169950001,687,4794
687,Ag(T+D)@sg,1522417005005,2018-03-30 21:36:45.005000,3597.0,10,ASK,LIMIT,PLACE,,15224170050001,688,4803
688,Ag(T+D)@sg,1522417010000,2018-03-30 21:36:50.000000,3597.0,10,ASK,LIMIT,CANCEL,,15224170050001,689,4803
689,Ag(T+D)@sg,1522417015005,2018-03-30 21:36:55.005000,3597.0,10,ASK,LIMIT,PLACE,,15224170150001,690,4816
690,Ag(T+D)@sg,1522417020000,2018-03-30 21:37:00.000000,3597.0,10,ASK,LIMIT,CANCEL,,15224170150001,691,4816
691,Ag(T+D)@sg,1522417025005,2018-03-30 21:37:05.005000,3597.0,10,ASK,LIMIT,PLACE,,15224170250001,692,4832
692,Ag(T+D)@sg,1522417030000,2018-03-30 21:37:10.000000,3597.0,10,ASK,LIMIT,CANCEL,,15224170250001,693,4832
693,Ag(T+D)@sg,1522417035005,2018-03-30 21:37:15.005000,3597.0,10,ASK,LIMIT,PLACE,,15224170350001,694,4846
694,Ag(T+D)@sg,1522417040000,2018-03-30 21:37:20.000000,3597.0,10,ASK,LIMIT,CANCEL,,15224170350001,695,4846
695,Ag(T+D)@sg,1522417045005,2018-03-30 21:37:25.005000,3597.0,10,ASK,LIMIT,PLACE,,15224170450001,696,4855
696,Ag(T+D)@sg,1522417050000,2018-03-30 21:37:30.000000,3597.0,10,ASK,LIMIT,CANCEL,,15224170450001,697,4855
697,Ag(T+D)@sg,1522417055005,2018-03-30 21:37:35.005000,3597.0,10,ASK,LIMIT,PLACE,,15224170550001,698,4864
698,Ag(T+D)@sg,1522417060000,2018-03-30 21:37:40.000000,3597.0,10,ASK,LIMIT,CANCEL,,15224170550001,699,4864
699,Ag(T+D)@sg,1522417065005,2018-03-30 21:37:45.005000,3597.0,10,ASK,LIMIT,PLACE,,15224170650001,700,4882
700,Ag(T+D)@sg,1522417070000,2018-03-30 21:37:50.000000,3597.0,10,ASK,LIMIT,CANCEL,,15224170650001,701,4882
701,Ag(T+D)@sg,1522417075005,2018-03-30 21:37:55.005000,3597.0,10,ASK,LIMIT,PLACE,,15224170750001,702,4894
702,Ag(T+D)@sg,1522417080000,2018-03-30 21:38:00.000000,3597.0,10,ASK,LIMIT,CANCEL,,15224170750001,703,4894
703,Ag(T+D)@sg,1522417085005,2018-03-30 21:38:05.005000,3597.0,10,ASK,LIMIT,PLACE,,15224170850001,704,4908
704,Ag(T+D)@sg,1522417090000,2018-03-30 21:38:10.000000,3597.0,10,ASK,LIMIT,CANCEL,,15224170850001,705,4908
705,Ag(T+D)@sg,1522417095005,2018-03-30 21:38:15.005000,3597.0,10,ASK,LIMIT,PLACE,,15224170950001,706,4930
706,Ag(T+D)@sg,1522417100000,2018-03-30 21:38:20.000000,3597.0,10,ASK,LIMIT,CANCEL,,15224170950001,707,4930
707,Ag(T+D)@sg,1522417105005,2018-03-30 21:38:25.005000,3597.0,10,ASK,LIMIT,PLACE,,15224171050001,708,4946
708,Ag(T+D)@sg,1522417110000,2018-03-30 21:38:30.000000,3597.0,10,ASK,LIMIT,CANCEL,,15224171050001,709,4946
709,Ag(T+D)@sg,1522417115005,2018-03-30 21:38:35.005000,3597.0,10,ASK,LIMIT,PLACE,,15224171150001,710,4960
710,Ag(T+D)@sg,1522417120000,2018-03-30 21:38:40.000000,3597.0,10,ASK,LIMIT,CANCEL,,15224171150001,711,4960
711,Ag(T+D)@sg,1522417125005,2018-03-30 21:38:45.005000,3597.0,10,ASK,LIMIT,PLACE,,15224171250001,712,4973
712,Ag(T+D)@sg,1522417130000,2018-03-30 21:38:50.000000,3597.0,10,ASK,LIMIT,CANCEL,,15224171250001,713,4973
713,Ag(T+D)@sg,1522417135005,2018-03-30 21:38:55.005000,3596.0,10,ASK,LIMIT,PLACE,,15224171350001,714,4989
714,Ag(T+D)@sg,1522417140000,2018-03-30 21:39:00.000000,3596.0,10,ASK,LIMIT,CANCEL,,15224171350001,715,4989
715,Ag(T+D)@sg,1522417145005,2018-03-30 21:39:05.005000,3595.0,10,BID,LIMIT,PLACE,,15224171450001,716,5008
716,Ag(T+D)@sg,1522417150000,2018-03-30 21:39:10.000000,3595.0,10,BID,LIMIT,CANCEL,,15224171450001,717,5008
717,Ag(T+D)@sg,1522417155005,2018-03-30 21:39:15.005000,3595.0,10,BID,LIMIT,PLACE,,15224171550001,718,5021
718,Ag(T+D)@sg,1522417160000,2018-03-30 21:39:20.000000,3595.0,10,BID,LIMIT,CANCEL,,15224171550001,719,5021
719,Ag(T+D)@sg,1522417165005,2018-03-30 21:39:25.005000,3595.0,10,BID,LIMIT,PLACE,,15224171650001,720,5031
720,Ag(T+D)@sg,1522417170000,2018-03-30 21:39:30.000000,3595.0,10,BID,LIMIT,CANCEL,,15224171650001,721,5031
721,Ag(T+D)@sg,1522417175005,2018-03-30 21:39:35.005000,3595.0,10,BID,LIMIT,PLACE,,15224171750001,722,5037
722,Ag(T+D)@sg,1522417180000,2018-03-30 21:39:40.000000,3595.0,10,BID,LIMIT,CANCEL,,15224171750001,723,5037
723,Ag(T+D)@sg,1522417185005,2018-03-30 21:39:45.005000,3595.0,10,BID,LIMIT,PLACE,,15224171850001,724,5048
724,Ag(T+D)@sg,1522417190000,2018-03-30 21:39:50.000000,3595.0,10,BID,LIMIT,CANCEL,,15224171850001,725,5048
725,Ag(T+D)@sg,1522417195005,2018-03-30 21:39:55.005000,3595.0,10,BID,LIMIT,PLACE,,15224171950001,726,5063
726,Ag(T+D)@sg,1522417200000,2018-03-30 21:40:00.000000,3595.0,10,BID,LIMIT,CANCEL,,15224171950001,727,5063
727,Ag(T+D)@sg,1522417205005,2018-03-30 21:40:05.005000,3596.0,10,ASK,LIMIT,PLACE,,15224172050001,728,5074
728,Ag(T+D)@sg,1522417210005,2018-03-30 21:40:10.005000,3597.0,10,ASK,LIMIT,PLACE,,15224172100001,729,5080
729,Ag(T+D)@sg,1522417215000,2018-03-30 21:40:15.000000,3597.0,10,ASK,LIMIT,CANCEL,,15224172100001,730,5080
730,Ag(T+D)@sg,1522417220005,2018-03-30 21:40:20.005000,3597.0,10,ASK,LIMIT,PLACE,,15224172200001,731,5086
731,Ag(T+D)@sg,1522417225000,2018-03-30 21:40:25.000000,3597.0,10,ASK,LIMIT,CANCEL,,15224172200001,732,5086
732,Ag(T+D)@sg,1522417230005,2018-03-30 21:40:30.005000,3597.0,10,ASK,LIMIT,PLACE,,15224172300001,733,5092
733,Ag(T+D)@sg,1522417235000,2018-03-30 21:40:35.000000,3597.0,10,ASK,LIMIT,CANCEL,,15224172300001,734,5092
734,Ag(T+D)@sg,1522417240005,2018-03-30 21:40:40.005000,3597.0,10,ASK,LIMIT,PLACE,,15224172400001,735,5107
735,Ag(T+D)@sg,1522417245000,2018-03-30 21:40:45.000000,3597.0,10,ASK,LIMIT,CANCEL,,15224172400001,736,5107
736,Ag(T+D)@sg,1522417250005,2018-03-30 21:40:50.005000,3597.0,10,ASK,LIMIT,PLACE,,15224172500001,737,5115
737,Ag(T+D)@sg,1522417255000,2018-03-30 21:40:55.000000,3597.0,10,ASK,LIMIT,CANCEL,,15224172500001,738,5115
738,Ag(T+D)@sg,1522417260005,2018-03-30 21:41:00.005000,3597.0,10,ASK,LIMIT,PLACE,,15224172600001,739,5124
739,Ag(T+D)@sg,1522417265000,2018-03-30 21:41:05.000000,3597.0,10,ASK,LIMIT,CANCEL,,15224172600001,740,5124
740,Ag(T+D)@sg,1522417270005,2018-03-30 21:41:10.005000,3597.0,10,ASK,LIMIT,PLACE,,15224172700001,741,5133
741,Ag(T+D)@sg,1522417275000,2018-03-30 21:41:15.000000,3597.0,10,ASK,LIMIT,CANCEL,,15224172700001,742,5133
742,Ag(T+D)@sg,1522417280005,2018-03-30 21:41:20.005000,3597.0,10,ASK,LIMIT,PLACE,,15224172800001,743,5147
743,Ag(T+D)@sg,1522417285000,2018-03-30 21:41:25.000000,3597.0,10,ASK,LIMIT,CANCEL,,15224172800001,744,5147
744,Ag(T+D)@sg,1522417290005,2018-03-30 21:41:30.005000,3597.0,10,ASK,LIMIT,PLACE,,15224172900001,745,5153
745,Ag(T+D)@sg,1522417295000,2018-03-30 21:41:35.000000,3597.0,10,ASK,LIMIT,CANCEL,,15224172900001,746,5153
746,Ag(T+D)@sg,1522417300005,2018-03-30 21:41:40.005000,3597.0,10,ASK,LIMIT,PLACE,,15224173000001,747,5162
747,Ag(T+D)@sg,1522417305000,2018-03-30 21:41:45.000000,3597.0,10,ASK,LIMIT,CANCEL,,15224173000001,748,5162
748,Ag(T+D)@sg,1522417310005,2018-03-30 21:41:50.005000,3597.0,10,ASK,LIMIT,PLACE,,15224173100001,749,5173
749,Ag(T+D)@sg,1522417315000,2018-03-30 21:41:55.000000,3597.0,10,ASK,LIMIT,CANCEL,,15224173100001,750,5173
750,Ag(T+D)@sg,1522417320005,2018-03-30 21:42:00.005000,3597.0,10,ASK,LIMIT,PLACE,,15224173200001,751,5185
751,Ag(T+D)@sg,1522417325000,2018-03-30 21:42:05.000000,3597.0,10,ASK,LIMIT,CANCEL,,15224173200001,752,5185
752,Ag(T+D)@sg,1522417330005,2018-03-30 21:42:10.005000,3598.0,10,ASK,LIMIT,PLACE,,15224173300001,753,5200
753,Ag(T+D)@sg,1522417335000,2018-03-30 21:42:15.000000,3598.0,10,ASK,LIMIT,CANCEL,,15224173300001,754,5200
754,Ag(T+D)@sg,1522417340005,2018-03-30 21:42:20.005000,3598.0,10,ASK,LIMIT,PLACE,,15224173400001,755,5210
755,Ag(T+D)@sg,1522417345000,2018-03-30 21:42:25.000000,3598.0,10,ASK,LIMIT,CANCEL,,15224173400001,756,5210
756,Ag(T+D)@sg,1522417350005,2018-03-30 21:42:30.005000,3597.0,10,BID,LIMIT,PLACE,,15224173500001,757,5220
757,Ag(T+D)@sg,1522417355000,2018-03-30 21:42:35.000000,3597.0,10,BID,LIMIT,CANCEL,,15224173500001,758,5220
758,Ag(T+D)@sg,1522417360005,2018-03-30 21:42:40.005000,3597.0,10,BID,LIMIT,PLACE,,15224173600001,759,5236
759,Ag(T+D)@sg,1522417365000,2018-03-30 21:42:45.000000,3597.0,10,BID,LIMIT,CANCEL,,15224173600001,760,5236
760,Ag(T+D)@sg,1522417370005,2018-03-30 21:42:50.005000,3598.0,10,BID,LIMIT,PLACE,,15224173700001,761,5259
761,Ag(T+D)@sg,1522417375000,2018-03-30 21:42:55.000000,3598.0,10,BID,LIMIT,CANCEL,,15224173700001,762,5259
762,Ag(T+D)@sg,1522417380005,2018-03-30 21:43:00.005000,3598.0,10,BID,LIMIT,PLACE,,15224173800001,763,5281
763,Ag(T+D)@sg,1522417385000,2018-03-30 21:43:05.000000,3598.0,10,BID,LIMIT,CANCEL,,15224173800001,764,5281
764,Ag(T+D)@sg,1522417390005,2018-03-30 21:43:10.005000,3597.0,10,BID,LIMIT,PLACE,,15224173900001,765,5291
765,Ag(T+D)@sg,1522417395000,2018-03-30 21:43:15.000000,3597.0,10,BID,LIMIT,CANCEL,,15224173900001,766,5291
766,Ag(T+D)@sg,1522417400005,2018-03-30 21:43:20.005000,3597.0,10,BID,LIMIT,PLACE,,15224174000001,767,5301
767,Ag(T+D)@sg,1522417405000,2018-03-30 21:43:25.000000,3597.0,10,BID,LIMIT,CANCEL,,15224174000001,768,5301
768,Ag(T+D)@sg,1522417410005,2018-03-30 21:43:30.005000,3598.0,10,ASK,LIMIT,PLACE,,15224174100001,769,5310
769,Ag(T+D)@sg,1522417415000,2018-03-30 21:43:35.000000,3598.0,10,ASK,LIMIT,CANCEL,,15224174100001,770,5310
770,Ag(T+D)@sg,1522417420005,2018-03-30 21:43:40.005000,3598.0,10,ASK,LIMIT,PLACE,,15224174200001,771,5322
771,Ag(T+D)@sg,1522417425000,2018-03-30 21:43:45.000000,3598.0,10,ASK,LIMIT,CANCEL,,15224174200001,772,5322
772,Ag(T+D)@sg,1522417430005,2018-03-30 21:43:50.005000,3598.0,10,ASK,LIMIT,PLACE,,15224174300001,773,5334
773,Ag(T+D)@sg,1522417435000,2018-03-30 21:43:55.000000,3598.0,10,ASK,LIMIT,CANCEL,,15224174300001,774,5334
774,Ag(T+D)@sg,1522417440005,2018-03-30 21:44:00.005000,3598.0,10,ASK,LIMIT,PLACE,,15224174400001,775,5351
775,Ag(T+D)@sg,1522417445000,2018-03-30 21:44:05.000000,3598.0,10,ASK,LIMIT,CANCEL,,15224174400001,776,5351
776,Ag(T+D)@sg,1522417455005,2018-03-30 21:44:15.005000,3598.0,10,ASK,LIMIT,PLACE,,15224174550001,777,5366
777,Ag(T+D)@sg,1522417460000,2018-03-30 21:44:20.000000,3598.0,10,ASK,LIMIT,CANCEL,,15224174550001,778,5366
778,Ag(T+D)@sg,1522417465005,2018-03-30 21:44:25.005000,3598.0,10,ASK,LIMIT,PLACE,,15224174650001,779,5376
779,Ag(T+D)@sg,1522417470000,2018-03-30 21:44:30.000000,3598.0,10,ASK,LIMIT,CANCEL,,15224174650001,780,5376
780,Ag(T+D)@sg,1522417475005,2018-03-30 21:44:35.005000,3598.0,10,ASK,LIMIT,PLACE,,15224174750001,781,5392
781,Ag(T+D)@sg,1522417480000,2018-03-30 21:44:40.000000,3598.0,10,ASK,LIMIT,CANCEL,,15224174750001,782,5392
782,Ag(T+D)@sg,1522417485005,2018-03-30 21:44:45.005000,3598.0,10,ASK,LIMIT,PLACE,,15224174850001,783,5403
783,Ag(T+D)@sg,1522417490000,2018-03-30 21:44:50.000000,3598.0,10,ASK,LIMIT,CANCEL,,15224174850001,784,5403
784,Ag(T+D)@sg,1522417495005,2018-03-30 21:44:55.005000,3598.0,10,ASK,LIMIT,PLACE,,15224174950001,785,5413
785,Ag(T+D)@sg,1522417500000,2018-03-30 21:45:00.000000,3598.0,10,ASK,LIMIT,CANCEL,,15224174950001,786,5413
786,Ag(T+D)@sg,1522417505005,2018-03-30 21:45:05.005000,3598.0,10,ASK,LIMIT,PLACE,,15224175050001,787,5420
787,Ag(T+D)@sg,1522417510000,2018-03-30 21:45:10.000000,3598.0,10,ASK,LIMIT,CANCEL,,15224175050001,788,5420
788,Ag(T+D)@sg,1522417515005,2018-03-30 21:45:15.005000,3598.0,10,ASK,LIMIT,PLACE,,15224175150001,789,5434
789,Ag(T+D)@sg,1522417520000,2018-03-30 21:45:20.000000,3598.0,10,ASK,LIMIT,CANCEL,,15224175150001,790,5434
790,Ag(T+D)@sg,1522417525005,2018-03-30 21:45:25.005000,3598.0,10,ASK,LIMIT,PLACE,,15224175250001,791,5443
791,Ag(T+D)@sg,1522417530000,2018-03-30 21:45:30.000000,3598.0,10,ASK,LIMIT,CANCEL,,15224175250001,792,5443
792,Ag(T+D)@sg,1522417535005,2018-03-30 21:45:35.005000,3598.0,10,ASK,LIMIT,PLACE,,15224175350001,793,5449
793,Ag(T+D)@sg,1522417540000,2018-03-30 21:45:40.000000,3598.0,10,ASK,LIMIT,CANCEL,,15224175350001,794,5449
794,Ag(T+D)@sg,1522417545005,2018-03-30 21:45:45.005000,3598.0,10,ASK,LIMIT,PLACE,,15224175450001,795,5461
795,Ag(T+D)@sg,1522417550000,2018-03-30 21:45:50.000000,3598.0,10,ASK,LIMIT,CANCEL,,15224175450001,796,5461
796,Ag(T+D)@sg,1522417555005,2018-03-30 21:45:55.005000,3598.0,10,ASK,LIMIT,PLACE,,15224175550001,797,5467
797,Ag(T+D)@sg,1522417560000,2018-03-30 21:46:00.000000,3598.0,10,ASK,LIMIT,CANCEL,,15224175550001,798,5467
798,Ag(T+D)@sg,1522417565005,2018-03-30 21:46:05.005000,3598.0,10,ASK,LIMIT,PLACE,,15224175650001,799,5476
799,Ag(T+D)@sg,1522417570000,2018-03-30 21:46:10.000000,3598.0,10,ASK,LIMIT,CANCEL,,15224175650001,800,5476
800,Ag(T+D)@sg,1522417575005,2018-03-30 21:46:15.005000,3598.0,10,ASK,LIMIT,PLACE,,15224175750001,801,5482
801,Ag(T+D)@sg,1522417580000,2018-03-30 21:46:20.000000,3598.0,10,ASK,LIMIT,CANCEL,,15224175750001,802,5482
802,Ag(T+D)@sg,1522417585005,2018-03-30 21:46:25.005000,3598.0,10,ASK,LIMIT,PLACE,,15224175850001,803,5497
803,Ag(T+D)@sg,1522417590000,2018-03-30 21:46:30.000000,3598.0,10,ASK,LIMIT,CANCEL,,15224175850001,804,5497
804,Ag(T+D)@sg,1522417595005,2018-03-30 21:46:35.005000,3598.0,10,ASK,LIMIT,PLACE,,15224175950001,805,5512
805,Ag(T+D)@sg,1522417600000,2018-03-30 21:46:40.000000,3598.0,10,ASK,LIMIT,CANCEL,,15224175950001,806,5512
806,Ag(T+D)@sg,1522417605005,2018-03-30 21:46:45.005000,3597.0,10,ASK,LIMIT,PLACE,,15224176050001,807,5537
807,Ag(T+D)@sg,1522417610000,2018-03-30 21:46:50.000000,3597.0,10,ASK,LIMIT,CANCEL,,15224176050001,808,5537
808,Ag(T+D)@sg,1522417615005,2018-03-30 21:46:55.005000,3597.0,10,ASK,LIMIT,PLACE,,15224176150001,809,5544
809,Ag(T+D)@sg,1522417620000,2018-03-30 21:47:00.000000,3597.0,10,ASK,LIMIT,CANCEL,,15224176150001,810,5544
810,Ag(T+D)@sg,1522417625005,2018-03-30 21:47:05.005000,3597.0,10,ASK,LIMIT,PLACE,,15224176250001,811,5559
811,Ag(T+D)@sg,1522417630000,2018-03-30 21:47:10.000000,3597.0,10,ASK,LIMIT,CANCEL,,15224176250001,812,5559
812,Ag(T+D)@sg,1522417635005,2018-03-30 21:47:15.005000,3597.0,10,ASK,LIMIT,PLACE,,15224176350001,813,5565
813,Ag(T+D)@sg,1522417640000,2018-03-30 21:47:20.000000,3597.0,10,ASK,LIMIT,CANCEL,,15224176350001,814,5565
814,Ag(T+D)@sg,1522417645005,2018-03-30 21:47:25.005000,3596.0,10,BID,LIMIT,PLACE,,15224176450001,815,5573
815,Ag(T+D)@sg,1522417650000,2018-03-30 21:47:30.000000,3596.0,10,BID,LIMIT,CANCEL,,15224176450001,816,5573
816,Ag(T+D)@sg,1522417655005,2018-03-30 21:47:35.005000,3597.0,10,BID,LIMIT,PLACE,,15224176550001,817,5593
817,Ag(T+D)@sg,1522417660000,2018-03-30 21:47:40.000000,3597.0,10,BID,LIMIT,CANCEL,,15224176550001,818,5593
818,Ag(T+D)@sg,1522417665005,2018-03-30 21:47:45.005000,3597.0,10,BID,LIMIT,PLACE,,15224176650001,819,5602
819,Ag(T+D)@sg,1522417670000,2018-03-30 21:47:50.000000,3597.0,10,BID,LIMIT,CANCEL,,15224176650001,820,5602
820,Ag(T+D)@sg,1522417675005,2018-03-30 21:47:55.005000,3597.0,10,BID,LIMIT,PLACE,,15224176750001,821,5611
821,Ag(T+D)@sg,1522417680000,2018-03-30 21:48:00.000000,3597.0,10,BID,LIMIT,CANCEL,,15224176750001,822,5611
822,Ag(T+D)@sg,1522417685005,2018-03-30 21:48:05.005000,3597.0,10,BID,LIMIT,PLACE,,15224176850001,823,5620
823,Ag(T+D)@sg,1522417690000,2018-03-30 21:48:10.000000,3597.0,10,BID,LIMIT,CANCEL,,15224176850001,824,5620
824,Ag(T+D)@sg,1522417695005,2018-03-30 21:48:15.005000,3597.0,10,BID,LIMIT,PLACE,,15224176950001,825,5634
825,Ag(T+D)@sg,1522417700000,2018-03-30 21:48:20.000000,3597.0,10,BID,LIMIT,CANCEL,,15224176950001,826,5634
826,Ag(T+D)@sg,1522417705005,2018-03-30 21:48:25.005000,3597.0,10,BID,LIMIT,PLACE,,15224177050001,827,5652
827,Ag(T+D)@sg,1522417710000,2018-03-30 21:48:30.000000,3597.0,10,BID,LIMIT,CANCEL,,15224177050001,828,5652
828,Ag(T+D)@sg,1522417715005,2018-03-30 21:48:35.005000,3597.0,10,BID,LIMIT,PLACE,,15224177150001,829,5663
829,Ag(T+D)@sg,1522417720000,2018-03-30 21:48:40.000000,3597.0,10,BID,LIMIT,CANCEL,,15224177150001,830,5663
830,Ag(T+D)@sg,1522417725005,2018-03-30 21:48:45.005000,3597.0,10,BID,LIMIT,PLACE,,15224177250001,831,5673
831,Ag(T+D)@sg,1522417730000,2018-03-30 21:48:50.000000,3597.0,10,BID,LIMIT,CANCEL,,15224177250001,832,5673
832,Ag(T+D)@sg,1522417735005,2018-03-30 21:48:55.005000,3597.0,10,BID,LIMIT,PLACE,,15224177350001,833,5683
833,Ag(T+D)@sg,1522417740000,2018-03-30 21:49:00.000000,3597.0,10,BID,LIMIT,CANCEL,,15224177350001,834,5683
834,Ag(T+D)@sg,1522417745005,2018-03-30 21:49:05.005000,3597.0,10,BID,LIMIT,PLACE,,15224177450001,835,5701
835,Ag(T+D)@sg,1522417750000,2018-03-30 21:49:10.000000,3597.0,10,BID,LIMIT,CANCEL,,15224177450001,836,5701
836,Ag(T+D)@sg,1522417755005,2018-03-30 21:49:15.005000,3597.0,10,BID,LIMIT,PLACE,,15224177550001,837,5713
837,Ag(T+D)@sg,1522417760000,2018-03-30 21:49:20.000000,3597.0,10,BID,LIMIT,CANCEL,,15224177550001,838,5713
838,Ag(T+D)@sg,1522417770005,2018-03-30 21:49:30.005000,3598.0,10,ASK,LIMIT,PLACE,,15224177700001,839,5728
839,Ag(T+D)@sg,1522417775000,2018-03-30 21:49:35.000000,3598.0,10,ASK,LIMIT,CANCEL,,15224177700001,840,5728
840,Ag(T+D)@sg,1522417780005,2018-03-30 21:49:40.005000,3598.0,10,ASK,LIMIT,PLACE,,15224177800001,841,5746
841,Ag(T+D)@sg,1522417785000,2018-03-30 21:49:45.000000,3598.0,10,ASK,LIMIT,CANCEL,,15224177800001,842,5746
842,Ag(T+D)@sg,1522417790005,2018-03-30 21:49:50.005000,3598.0,10,ASK,LIMIT,PLACE,,15224177900001,843,5757
843,Ag(T+D)@sg,1522417795000,2018-03-30 21:49:55.000000,3598.0,10,ASK,LIMIT,CANCEL,,15224177900001,844,5757
844,Ag(T+D)@sg,1522417800005,2018-03-30 21:50:00.005000,3598.0,10,ASK,LIMIT,PLACE,,15224178000001,845,5768
845,Ag(T+D)@sg,1522417805000,2018-03-30 21:50:05.000000,3598.0,10,ASK,LIMIT,CANCEL,,15224178000001,846,5768
846,Ag(T+D)@sg,1522417810005,2018-03-30 21:50:10.005000,3598.0,10,ASK,LIMIT,PLACE,,15224178100001,847,5777
847,Ag(T+D)@sg,1522417815000,2018-03-30 21:50:15.000000,3598.0,10,ASK,LIMIT,CANCEL,,15224178100001,848,5777
848,Ag(T+D)@sg,1522417820005,2018-03-30 21:50:20.005000,3598.0,10,ASK,LIMIT,PLACE,,15224178200001,849,5783
849,Ag(T+D)@sg,1522417825000,2018-03-30 21:50:25.000000,3598.0,10,ASK,LIMIT,CANCEL,,15224178200001,850,5783
850,Ag(T+D)@sg,1522417830005,2018-03-30 21:50:30.005000,3598.0,10,ASK,LIMIT,PLACE,,15224178300001,851,5792
851,Ag(T+D)@sg,1522417835000,2018-03-30 21:50:35.000000,3598.0,10,ASK,LIMIT,CANCEL,,15224178300001,852,5792
852,Ag(T+D)@sg,1522417840005,2018-03-30 21:50:40.005000,3598.0,10,ASK,LIMIT,PLACE,,15224178400001,853,5810
853,Ag(T+D)@sg,1522417845000,2018-03-30 21:50:45.000000,3598.0,10,ASK,LIMIT,CANCEL,,15224178400001,854,5810
854,Ag(T+D)@sg,1522417850005,2018-03-30 21:50:50.005000,3598.0,10,ASK,LIMIT,PLACE,,15224178500001,855,5819
855,Ag(T+D)@sg,1522417855000,2018-03-30 21:50:55.000000,3598.0,10,ASK,LIMIT,CANCEL,,15224178500001,856,5819
856,Ag(T+D)@sg,1522417860005,2018-03-30 21:51:00.005000,3598.0,10,ASK,LIMIT,PLACE,,15224178600001,857,5831
857,Ag(T+D)@sg,1522417865000,2018-03-30 21:51:05.000000,3598.0,10,ASK,LIMIT,CANCEL,,15224178600001,858,5831
858,Ag(T+D)@sg,1522417870005,2018-03-30 21:51:10.005000,3598.0,10,ASK,LIMIT,PLACE,,15224178700001,859,5840
859,Ag(T+D)@sg,1522417875000,2018-03-30 21:51:15.000000,3598.0,10,ASK,LIMIT,CANCEL,,15224178700001,860,5840
860,Ag(T+D)@sg,1522417880005,2018-03-30 21:51:20.005000,3598.0,10,ASK,LIMIT,PLACE,,15224178800001,861,5848
861,Ag(T+D)@sg,1522417885000,2018-03-30 21:51:25.000000,3598.0,10,ASK,LIMIT,CANCEL,,15224178800001,862,5848
862,Ag(T+D)@sg,1522417890005,2018-03-30 21:51:30.005000,3598.0,10,ASK,LIMIT,PLACE,,15224178900001,863,5865
863,Ag(T+D)@sg,1522417895000,2018-03-30 21:51:35.000000,3598.0,10,ASK,LIMIT,CANCEL,,15224178900001,864,5865
864,Ag(T+D)@sg,1522417900005,2018-03-30 21:51:40.005000,3598.0,10,ASK,LIMIT,PLACE,,15224179000001,865,5877
865,Ag(T+D)@sg,1522417905000,2018-03-30 21:51:45.000000,3598.0,10,ASK,LIMIT,CANCEL,,15224179000001,866,5877
866,Ag(T+D)@sg,1522417910005,2018-03-30 21:51:50.005000,3598.0,10,ASK,LIMIT,PLACE,,15224179100001,867,5884
867,Ag(T+D)@sg,1522417915000,2018-03-30 21:51:55.000000,3598.0,10,ASK,LIMIT,CANCEL,,15224179100001,868,5884
868,Ag(T+D)@sg,1522417920005,2018-03-30 21:52:00.005000,3598.0,10,ASK,LIMIT,PLACE,,15224179200001,869,5894
869,Ag(T+D)@sg,1522417925000,2018-03-30 21:52:05.000000,3598.0,10,ASK,LIMIT,CANCEL,,15224179200001,870,5894
870,Ag(T+D)@sg,1522417930005,2018-03-30 21:52:10.005000,3598.0,10,ASK,LIMIT,PLACE,,15224179300001,871,5902
871,Ag(T+D)@sg,1522417935000,2018-03-30 21:52:15.000000,3598.0,10,ASK,LIMIT,CANCEL,,15224179300001,872,5902
872,Ag(T+D)@sg,1522417955005,2018-03-30 21:52:35.005000,3597.0,10,BID,LIMIT,PLACE,,15224179550001,873,5941
873,Ag(T+D)@sg,1522417960000,2018-03-30 21:52:40.000000,3597.0,10,BID,LIMIT,CANCEL,,15224179550001,874,5941
874,Ag(T+D)@sg,1522417965005,2018-03-30 21:52:45.005000,3597.0,10,BID,LIMIT,PLACE,,15224179650001,875,5956
875,Ag(T+D)@sg,1522417970000,2018-03-30 21:52:50.000000,3597.0,10,BID,LIMIT,CANCEL,,15224179650001,876,5956
876,Ag(T+D)@sg,1522417975005,2018-03-30 21:52:55.005000,3597.0,10,BID,LIMIT,PLACE,,15224179750001,877,5968
877,Ag(T+D)@sg,1522417980000,2018-03-30 21:53:00.000000,3597.0,10,BID,LIMIT,CANCEL,,15224179750001,878,5968
878,Ag(T+D)@sg,1522417985005,2018-03-30 21:53:05.005000,3597.0,10,BID,LIMIT,PLACE,,15224179850001,879,5974
879,Ag(T+D)@sg,1522417990000,2018-03-30 21:53:10.000000,3597.0,10,BID,LIMIT,CANCEL,,15224179850001,880,5974
880,Ag(T+D)@sg,1522417995005,2018-03-30 21:53:15.005000,3598.0,10,ASK,LIMIT,PLACE,,15224179950001,881,5985
881,Ag(T+D)@sg,1522418000000,2018-03-30 21:53:20.000000,3598.0,10,ASK,LIMIT,CANCEL,,15224179950001,882,5985
882,Ag(T+D)@sg,1522418005005,2018-03-30 21:53:25.005000,3598.0,10,ASK,LIMIT,PLACE,,15224180050001,883,5991
883,Ag(T+D)@sg,1522418010000,2018-03-30 21:53:30.000000,3598.0,10,ASK,LIMIT,CANCEL,,15224180050001,884,5991
884,Ag(T+D)@sg,1522418015005,2018-03-30 21:53:35.005000,3598.0,10,ASK,LIMIT,PLACE,,15224180150001,885,6000
885,Ag(T+D)@sg,1522418020000,2018-03-30 21:53:40.000000,3598.0,10,ASK,LIMIT,CANCEL,,15224180150001,886,6000
886,Ag(T+D)@sg,1522418025005,2018-03-30 21:53:45.005000,3598.0,10,ASK,LIMIT,PLACE,,15224180250001,887,6015
887,Ag(T+D)@sg,1522418030000,2018-03-30 21:53:50.000000,3598.0,10,ASK,LIMIT,CANCEL,,15224180250001,888,6015
888,Ag(T+D)@sg,1522418035005,2018-03-30 21:53:55.005000,3598.0,10,ASK,LIMIT,PLACE,,15224180350001,889,6030
889,Ag(T+D)@sg,1522418040000,2018-03-30 21:54:00.000000,3598.0,10,ASK,LIMIT,CANCEL,,15224180350001,890,6030
890,Ag(T+D)@sg,1522418045005,2018-03-30 21:54:05.005000,3598.0,10,ASK,LIMIT,PLACE,,15224180450001,891,6048
891,Ag(T+D)@sg,1522418050000,2018-03-30 21:54:10.000000,3598.0,10,ASK,LIMIT,CANCEL,,15224180450001,892,6048
892,Ag(T+D)@sg,1522418055005,2018-03-30 21:54:15.005000,3598.0,10,ASK,LIMIT,PLACE,,15224180550001,893,6061
893,Ag(T+D)@sg,1522418060000,2018-03-30 21:54:20.000000,3598.0,10,ASK,LIMIT,CANCEL,,15224180550001,894,6061
894,Ag(T+D)@sg,1522418065005,2018-03-30 21:54:25.005000,3598.0,10,ASK,LIMIT,PLACE,,15224180650001,895,6080
895,Ag(T+D)@sg,1522418070000,2018-03-30 21:54:30.000000,3598.0,10,ASK,LIMIT,CANCEL,,15224180650001,896,6080
896,Ag(T+D)@sg,1522418075005,2018-03-30 21:54:35.005000,3598.0,10,ASK,LIMIT,PLACE,,15224180750001,897,6100
897,Ag(T+D)@sg,1522418080000,2018-03-30 21:54:40.000000,3598.0,10,ASK,LIMIT,CANCEL,,15224180750001,898,6100
898,Ag(T+D)@sg,1522418085005,2018-03-30 21:54:45.005000,3598.0,10,ASK,LIMIT,PLACE,,15224180850001,899,6120
899,Ag(T+D)@sg,1522418090000,2018-03-30 21:54:50.000000,3598.0,10,ASK,LIMIT,CANCEL,,15224180850001,900,6120
900,Ag(T+D)@sg,1522418095005,2018-03-30 21:54:55.005000,3598.0,10,ASK,LIMIT,PLACE,,15224180950001,901,6126
901,Ag(T+D)@sg,1522418100000,2018-03-30 21:55:00.000000,3598.0,10,ASK,LIMIT,CANCEL,,15224180950001,902,6126
902,Ag(T+D)@sg,1522418105005,2018-03-30 21:55:05.005000,3598.0,10,ASK,LIMIT,PLACE,,15224181050001,903,6139
903,Ag(T+D)@sg,1522418110000,2018-03-30 21:55:10.000000,3598.0,10,ASK,LIMIT,CANCEL,,15224181050001,904,6139
904,Ag(T+D)@sg,1522418115005,2018-03-30 21:55:15.005000,3598.0,10,ASK,LIMIT,PLACE,,15224181150001,905,6146
905,Ag(T+D)@sg,1522418120000,2018-03-30 21:55:20.000000,3598.0,10,ASK,LIMIT,CANCEL,,15224181150001,906,6146
906,Ag(T+D)@sg,1522418170005,2018-03-30 21:56:10.005000,3596.0,10,BID,LIMIT,PLACE,,15224181700001,907,6191
907,Ag(T+D)@sg,1522418175000,2018-03-30 21:56:15.000000,3596.0,10,BID,LIMIT,CANCEL,,15224181700001,908,6191
908,Ag(T+D)@sg,1522418180005,2018-03-30 21:56:20.005000,3596.0,10,BID,LIMIT,PLACE,,15224181800001,909,6200
909,Ag(T+D)@sg,1522418185000,2018-03-30 21:56:25.000000,3596.0,10,BID,LIMIT,CANCEL,,15224181800001,910,6200
910,Ag(T+D)@sg,1522418190005,2018-03-30 21:56:30.005000,3596.0,10,BID,LIMIT,PLACE,,15224181900001,911,6206
911,Ag(T+D)@sg,1522418195000,2018-03-30 21:56:35.000000,3596.0,10,BID,LIMIT,CANCEL,,15224181900001,912,6206
912,Ag(T+D)@sg,1522418200005,2018-03-30 21:56:40.005000,3596.0,10,BID,LIMIT,PLACE,,15224182000001,913,6218
913,Ag(T+D)@sg,1522418205000,2018-03-30 21:56:45.000000,3596.0,10,BID,LIMIT,CANCEL,,15224182000001,914,6218
914,Ag(T+D)@sg,1522418210005,2018-03-30 21:56:50.005000,3596.0,10,BID,LIMIT,PLACE,,15224182100001,915,6230
915,Ag(T+D)@sg,1522418215000,2018-03-30 21:56:55.000000,3596.0,10,BID,LIMIT,CANCEL,,15224182100001,916,6230
916,Ag(T+D)@sg,1522418220005,2018-03-30 21:57:00.005000,3596.0,10,BID,LIMIT,PLACE,,15224182200001,917,6238
917,Ag(T+D)@sg,1522418225000,2018-03-30 21:57:05.000000,3596.0,10,BID,LIMIT,CANCEL,,15224182200001,918,6238
918,Ag(T+D)@sg,1522418230005,2018-03-30 21:57:10.005000,3597.0,10,ASK,LIMIT,PLACE,,15224182300001,919,6248
919,Ag(T+D)@sg,1522418235000,2018-03-30 21:57:15.000000,3597.0,10,ASK,LIMIT,CANCEL,,15224182300001,920,6248
920,Ag(T+D)@sg,1522418240005,2018-03-30 21:57:20.005000,3597.0,10,ASK,LIMIT,PLACE,,15224182400001,921,6257
921,Ag(T+D)@sg,1522418245000,2018-03-30 21:57:25.000000,3597.0,10,ASK,LIMIT,CANCEL,,15224182400001,922,6257
922,Ag(T+D)@sg,1522418250005,2018-03-30 21:57:30.005000,3597.0,10,ASK,LIMIT,PLACE,,15224182500001,923,6269
923,Ag(T+D)@sg,1522418255000,2018-03-30 21:57:35.000000,3597.0,10,ASK,LIMIT,CANCEL,,15224182500001,924,6269
924,Ag(T+D)@sg,1522418260005,2018-03-30 21:57:40.005000,3597.0,10,ASK,LIMIT,PLACE,,15224182600001,925,6290
925,Ag(T+D)@sg,1522418265000,2018-03-30 21:57:45.000000,3597.0,10,ASK,LIMIT,CANCEL,,15224182600001,926,6290
926,Ag(T+D)@sg,1522418270005,2018-03-30 21:57:50.005000,3597.0,10,ASK,LIMIT,PLACE,,15224182700001,927,6302
927,Ag(T+D)@sg,1522418275000,2018-03-30 21:57:55.000000,3597.0,10,ASK,LIMIT,CANCEL,,15224182700001,928,6302
928,Ag(T+D)@sg,1522418280005,2018-03-30 21:58:00.005000,3597.0,10,ASK,LIMIT,PLACE,,15224182800001,929,6311
929,Ag(T+D)@sg,1522418285000,2018-03-30 21:58:05.000000,3597.0,10,ASK,LIMIT,CANCEL,,15224182800001,930,6311
930,Ag(T+D)@sg,1522418290005,2018-03-30 21:58:10.005000,3597.0,10,ASK,LIMIT,PLACE,,15224182900001,931,6318
931,Ag(T+D)@sg,1522418295000,2018-03-30 21:58:15.000000,3597.0,10,ASK,LIMIT,CANCEL,,15224182900001,932,6318
